@article{tsne,
  title={Visualizing data using t-SNE.},
  author={van der Maaten, Laurens and Hinton, Geoffrey},
  journal={Journal of machine learning research},
  volume={9},
  number={11},
  year={2008}
}

@article{kullbackleibler,
  title={On information and sufficiency},
  author={Kullback, Solomon and Leibler, Richard A},
  journal={The annals of mathematical statistics},
  volume={22},
  number={1},
  pages={79--86},
  year={1951},
  publisher={JSTOR}
}

@ARTICLE{guy23,
       author = {{Guy}, J. and {Bailey}, S. and {Kremin}, A. and {Alam}, Shadab and {Alexander}, D.~M. and {Allende Prieto}, C. and {BenZvi}, S. and {Bolton}, A.~S. and {Brooks}, D. and {Chaussidon}, E. and {Cooper}, A.~P. and {Dawson}, K. and {de la Macorra}, A. and {Dey}, A. and {Dey}, Biprateep and {Dhungana}, G. and {Eisenstein}, D.~J. and {Font-Ribera}, A. and {Forero-Romero}, J.~E. and {Gazta{\~n}aga}, E. and {Gontcho A Gontcho}, S. and {Green}, D. and {Honscheid}, K. and {Ishak}, M. and {Kehoe}, R. and {Kirkby}, D. and {Kisner}, T. and {Koposov}, Sergey E. and {Lan}, Ting-Wen and {Landriau}, M. and {Le Guillou}, L. and {Levi}, Michael E. and {Magneville}, C. and {Manser}, Christopher J. and {Martini}, P. and {Meisner}, Aaron M. and {Miquel}, R. and {Moustakas}, J. and {Myers}, Adam D. and {Newman}, Jeffrey A. and {Nie}, Jundan and {Palanque-Delabrouille}, N. and {Percival}, W.~J. and {Poppett}, C. and {Prada}, F. and {Raichoor}, A. and {Ravoux}, C. and {Ross}, A.~J. and {Schlafly}, E.~F. and {Schlegel}, D. and {Schubnell}, M. and {Sharples}, Ray M. and {Tarl{\'e}}, Gregory and {Weaver}, B.~A. and {Y{\'e}che}, Christophe and {Zhou}, Rongpu and {Zhou}, Zhimin and {Zou}, H.},
        title = "{The Spectroscopic Data Processing Pipeline for the Dark Energy Spectroscopic Instrument}",
      journal = {\aj},
     keywords = {Galaxy spectroscopy, High-redshift galaxies, Redshift surveys, 2171, 734, 1378, Astrophysics - Instrumentation and Methods for Astrophysics, Astrophysics - Cosmology and Nongalactic Astrophysics},
         year = 2023,
        month = apr,
       volume = {165},
       number = {4},
          eid = {144},
        pages = {144},
          doi = {10.3847/1538-3881/acb212},
archivePrefix = {arXiv},
       eprint = {2209.14482},
 primaryClass = {astro-ph.IM},
       adsurl = {https://ui.adsabs.harvard.edu/abs/2023AJ....165..144G},
      adsnote = {Provided by the SAO/NASA Astrophysics Data System}
}


@article{umap,
  title={Umap: Uniform manifold approximation and projection for dimension reduction},
  author={McInnes, Leland and Healy, John and Melville, James},
  journal={arXiv preprint arXiv:1802.03426},
  year={2018}
}

@inproceedings{largevis,
  title={Visualizing large-scale and high-dimensional data},
  author={Tang, Jian and Liu, Jingzhou and Zhang, Ming and Mei, Qiaozhu},
  booktitle={Proceedings of the 25th international conference on world wide web},
  pages={287--297},
  year={2016}
}

@INPROCEEDINGS{4most,
       author = {{de Jong}, Roelof S. and {Barden}, Samuel C. and {Bellido-Tirado}, Olga and {Brynnel}, Joar G. and {Frey}, Steffen and {Giannone}, Domenico and {Haynes}, Roger and {Johl}, Diana and {Phillips}, Daniel and {Schnurr}, Olivier and {Walcher}, Jakob C. and {Winkler}, Roland and {Ansorge}, Wolfgang R. and {Feltzing}, Sofia and {McMahon}, Richard G. and {Baker}, Gabriella and {Caillier}, Patrick and {Dwelly}, Tom and {Gaessler}, Wolfgang and {Iwert}, Olaf and {Mandel}, Holger G. and {Piskunov}, Nikolai A. and {Pragt}, Johan H. and {Walton}, Nicholas A. and {Bensby}, Thomas and {Bergemann}, Maria and {Chiappini}, Cristina and {Christlieb}, Norbert and {Cioni}, Maria-Rosa L. and {Driver}, Simon and {Finoguenov}, Alexis and {Helmi}, Amina and {Irwin}, Michael J. and {Kitaura}, Francisco-Shu and {Kneib}, Jean-Paul and {Liske}, Jochen and {Merloni}, Andrea and {Minchev}, Ivan and {Richard}, Johan and {Starkenburg}, Else},
        title = "{4MOST: the 4-metre Multi-Object Spectroscopic Telescope project at preliminary design review}",
    booktitle = {Ground-based and Airborne Instrumentation for Astronomy VI},
         year = 2016,
       editor = {{Evans}, Christopher J. and {Simard}, Luc and {Takami}, Hideki},
       series = {Society of Photo-Optical Instrumentation Engineers (SPIE) Conference Series},
       volume = {9908},
        month = aug,
          eid = {99081O},
        pages = {99081O},
          doi = {10.1117/12.2232832},
       adsurl = {https://ui.adsabs.harvard.edu/abs/2016SPIE.9908E..1OD},
      adsnote = {Provided by the SAO/NASA Astrophysics Data System}
}

@ARTICLE{desii,
       author = {{DESI Collaboration} and {Aghamousa}, Amir and {Aguilar}, Jessica and {Ahlen}, Steve and {Alam}, Shadab and {Allen}, Lori E. and {Allende Prieto}, Carlos and {Annis}, James and {Bailey}, Stephen and {Balland}, Christophe and {Ballester}, Otger and {Baltay}, Charles and {Beaufore}, Lucas and {Bebek}, Chris and {Beers}, Timothy C. and {Bell}, Eric F. and {Bernal}, Jos{\'e} Luis and {Besuner}, Robert and {Beutler}, Florian and {Blake}, Chris and {Bleuler}, Hannes and {Blomqvist}, Michael and {Blum}, Robert and {Bolton}, Adam S. and {Briceno}, Cesar and {Brooks}, David and {Brownstein}, Joel R. and {Buckley-Geer}, Elizabeth and {Burden}, Angela and {Burtin}, Etienne and {Busca}, Nicolas G. and {Cahn}, Robert N. and {Cai}, Yan-Chuan and {Cardiel-Sas}, Laia and {Carlberg}, Raymond G. and {Carton}, Pierre-Henri and {Casas}, Ricard and {Castander}, Francisco J. and {Cervantes-Cota}, Jorge L. and {Claybaugh}, Todd M. and {Close}, Madeline and {Coker}, Carl T. and {Cole}, Shaun and {Comparat}, Johan and {Cooper}, Andrew P. and {Cousinou}, M. -C. and {Crocce}, Martin and {Cuby}, Jean-Gabriel and {Cunningham}, Daniel P. and {Davis}, Tamara M. and {Dawson}, Kyle S. and {de la Macorra}, Axel and {De Vicente}, Juan and {Delubac}, Timoth{\'e}e and {Derwent}, Mark and {Dey}, Arjun and {Dhungana}, Govinda and {Ding}, Zhejie and {Doel}, Peter and {Duan}, Yutong T. and {Ealet}, Anne and {Edelstein}, Jerry and {Eftekharzadeh}, Sarah and {Eisenstein}, Daniel J. and {Elliott}, Ann and {Escoffier}, St{\'e}phanie and {Evatt}, Matthew and {Fagrelius}, Parker and {Fan}, Xiaohui and {Fanning}, Kevin and {Farahi}, Arya and {Farihi}, Jay and {Favole}, Ginevra and {Feng}, Yu and {Fernandez}, Enrique and {Findlay}, Joseph R. and {Finkbeiner}, Douglas P. and {Fitzpatrick}, Michael J. and {Flaugher}, Brenna and {Flender}, Samuel and {Font-Ribera}, Andreu and {Forero-Romero}, Jaime E. and {Fosalba}, Pablo and {Frenk}, Carlos S. and {Fumagalli}, Michele and {Gaensicke}, Boris T. and {Gallo}, Giuseppe and {Garcia-Bellido}, Juan and {Gaztanaga}, Enrique and {Pietro Gentile Fusillo}, Nicola and {Gerard}, Terry and {Gershkovich}, Irena and {Giannantonio}, Tommaso and {Gillet}, Denis and {Gonzalez-de-Rivera}, Guillermo and {Gonzalez-Perez}, Violeta and {Gott}, Shelby and {Graur}, Or and {Gutierrez}, Gaston and {Guy}, Julien and {Habib}, Salman and {Heetderks}, Henry and {Heetderks}, Ian and {Heitmann}, Katrin and {Hellwing}, Wojciech A. and {Herrera}, David A. and {Ho}, Shirley and {Holland}, Stephen and {Honscheid}, Klaus and {Huff}, Eric and {Hutchinson}, Timothy A. and {Huterer}, Dragan and {Hwang}, Ho Seong and {Illa Laguna}, Joseph Maria and {Ishikawa}, Yuzo and {Jacobs}, Dianna and {Jeffrey}, Niall and {Jelinsky}, Patrick and {Jennings}, Elise and {Jiang}, Linhua and {Jimenez}, Jorge and {Johnson}, Jennifer and {Joyce}, Richard and {Jullo}, Eric and {Juneau}, St{\'e}phanie and {Kama}, Sami and {Karcher}, Armin and {Karkar}, Sonia and {Kehoe}, Robert and {Kennamer}, Noble and {Kent}, Stephen and {Kilbinger}, Martin and {Kim}, Alex G. and {Kirkby}, David and {Kisner}, Theodore and {Kitanidis}, Ellie and {Kneib}, Jean-Paul and {Koposov}, Sergey and {Kovacs}, Eve and {Koyama}, Kazuya and {Kremin}, Anthony and {Kron}, Richard and {Kronig}, Luzius and {Kueter-Young}, Andrea and {Lacey}, Cedric G. and {Lafever}, Robin and {Lahav}, Ofer and {Lambert}, Andrew and {Lampton}, Michael and {Landriau}, Martin and {Lang}, Dustin and {Lauer}, Tod R. and {Le Goff}, Jean-Marc and {Le Guillou}, Laurent and {Le Van Suu}, Auguste and {Lee}, Jae Hyeon and {Lee}, Su-Jeong and {Leitner}, Daniela and {Lesser}, Michael and {Levi}, Michael E. and {L'Huillier}, Benjamin and {Li}, Baojiu and {Liang}, Ming and {Lin}, Huan and {Linder}, Eric and {Loebman}, Sarah R. and {Luki{\'c}}, Zarija and {Ma}, Jun and {MacCrann}, Niall and {Magneville}, Christophe and {Makarem}, Laleh and {Manera}, Marc and {Manser}, Christopher J. and {Marshall}, Robert and {Martini}, Paul and {Massey}, Richard and {Matheson}, Thomas and {McCauley}, Jeremy and {McDonald}, Patrick and {McGreer}, Ian D. and {Meisner}, Aaron and {Metcalfe}, Nigel and {Miller}, Timothy N. and {Miquel}, Ramon and {Moustakas}, John and {Myers}, Adam and {Naik}, Milind and {Newman}, Jeffrey A. and {Nichol}, Robert C. and {Nicola}, Andrina and {Nicolati da Costa}, Luiz and {Nie}, Jundan and {Niz}, Gustavo and {Norberg}, Peder and {Nord}, Brian and {Norman}, Dara and {Nugent}, Peter and {O'Brien}, Thomas and {Oh}, Minji and {Olsen}, Knut A.~G. and {Padilla}, Cristobal and {Padmanabhan}, Hamsa and {Padmanabhan}, Nikhil and {Palanque-Delabrouille}, Nathalie and {Palmese}, Antonella and {Pappalardo}, Daniel and {P{\^a}ris}, Isabelle and {Park}, Changbom and {Patej}, Anna and {Peacock}, John A. and {Peiris}, Hiranya V. and {Peng}, Xiyan and {Percival}, Will J. and {Perruchot}, Sandrine and {Pieri}, Matthew M. and {Pogge}, Richard and {Pollack}, Jennifer E. and {Poppett}, Claire and {Prada}, Francisco and {Prakash}, Abhishek and {Probst}, Ronald G. and {Rabinowitz}, David and {Raichoor}, Anand and {Ree}, Chang Hee and {Refregier}, Alexandre and {Regal}, Xavier and {Reid}, Beth and {Reil}, Kevin and {Rezaie}, Mehdi and {Rockosi}, Constance M. and {Roe}, Natalie and {Ronayette}, Samuel and {Roodman}, Aaron and {Ross}, Ashley J. and {Ross}, Nicholas P. and {Rossi}, Graziano and {Rozo}, Eduardo and {Ruhlmann-Kleider}, Vanina and {Rykoff}, Eli S. and {Sabiu}, Cristiano and {Samushia}, Lado and {Sanchez}, Eusebio and {Sanchez}, Javier and {Schlegel}, David J. and {Schneider}, Michael and {Schubnell}, Michael and {Secroun}, Aur{\'e}lia and {Seljak}, Uros and {Seo}, Hee-Jong and {Serrano}, Santiago and {Shafieloo}, Arman and {Shan}, Huanyuan and {Sharples}, Ray and {Sholl}, Michael J. and {Shourt}, William V. and {Silber}, Joseph H. and {Silva}, David R. and {Sirk}, Martin M. and {Slosar}, Anze and {Smith}, Alex and {Smoot}, George F. and {Som}, Debopam and {Song}, Yong-Seon and {Sprayberry}, David and {Staten}, Ryan and {Stefanik}, Andy and {Tarle}, Gregory and {Sien Tie}, Suk and {Tinker}, Jeremy L. and {Tojeiro}, Rita and {Valdes}, Francisco and {Valenzuela}, Octavio and {Valluri}, Monica and {Vargas-Magana}, Mariana and {Verde}, Licia and {Walker}, Alistair R. and {Wang}, Jiali and {Wang}, Yuting and {Weaver}, Benjamin A. and {Weaverdyck}, Curtis and {Wechsler}, Risa H. and {Weinberg}, David H. and {White}, Martin and {Yang}, Qian and {Yeche}, Christophe and {Zhang}, Tianmeng and {Zhao}, Gong-Bo and {Zheng}, Yi and {Zhou}, Xu and {Zhou}, Zhimin and {Zhu}, Yaling and {Zou}, Hu and {Zu}, Ying},
        title = "{The DESI Experiment Part I: Science,Targeting, and Survey Design}",
      journal = {arXiv e-prints},
     keywords = {Astrophysics - Instrumentation and Methods for Astrophysics, Astrophysics - Cosmology and Nongalactic Astrophysics},
         year = 2016,
        month = oct,
          eid = {arXiv:1611.00036},
        pages = {arXiv:1611.00036},
          doi = {10.48550/arXiv.1611.00036},
archivePrefix = {arXiv},
       eprint = {1611.00036},
 primaryClass = {astro-ph.IM},
       adsurl = {https://ui.adsabs.harvard.edu/abs/2016arXiv161100036D},
      adsnote = {Provided by the SAO/NASA Astrophysics Data System}
}

@ARTICLE{desiii,
       author = {{DESI Collaboration} and {Aghamousa}, Amir and {Aguilar}, Jessica and {Ahlen}, Steve and {Alam}, Shadab and {Allen}, Lori E. and {Allende Prieto}, Carlos and {Annis}, James and {Bailey}, Stephen and {Balland}, Christophe and {Ballester}, Otger and {Baltay}, Charles and {Beaufore}, Lucas and {Bebek}, Chris and {Beers}, Timothy C. and {Bell}, Eric F. and {Bernal}, Jos{\'e} Luis and {Besuner}, Robert and {Beutler}, Florian and {Blake}, Chris and {Bleuler}, Hannes and {Blomqvist}, Michael and {Blum}, Robert and {Bolton}, Adam S. and {Briceno}, Cesar and {Brooks}, David and {Brownstein}, Joel R. and {Buckley-Geer}, Elizabeth and {Burden}, Angela and {Burtin}, Etienne and {Busca}, Nicolas G. and {Cahn}, Robert N. and {Cai}, Yan-Chuan and {Cardiel-Sas}, Laia and {Carlberg}, Raymond G. and {Carton}, Pierre-Henri and {Casas}, Ricard and {Castander}, Francisco J. and {Cervantes-Cota}, Jorge L. and {Claybaugh}, Todd M. and {Close}, Madeline and {Coker}, Carl T. and {Cole}, Shaun and {Comparat}, Johan and {Cooper}, Andrew P. and {Cousinou}, M. -C. and {Crocce}, Martin and {Cuby}, Jean-Gabriel and {Cunningham}, Daniel P. and {Davis}, Tamara M. and {Dawson}, Kyle S. and {de la Macorra}, Axel and {De Vicente}, Juan and {Delubac}, Timoth{\'e}e and {Derwent}, Mark and {Dey}, Arjun and {Dhungana}, Govinda and {Ding}, Zhejie and {Doel}, Peter and {Duan}, Yutong T. and {Ealet}, Anne and {Edelstein}, Jerry and {Eftekharzadeh}, Sarah and {Eisenstein}, Daniel J. and {Elliott}, Ann and {Escoffier}, St{\'e}phanie and {Evatt}, Matthew and {Fagrelius}, Parker and {Fan}, Xiaohui and {Fanning}, Kevin and {Farahi}, Arya and {Farihi}, Jay and {Favole}, Ginevra and {Feng}, Yu and {Fernandez}, Enrique and {Findlay}, Joseph R. and {Finkbeiner}, Douglas P. and {Fitzpatrick}, Michael J. and {Flaugher}, Brenna and {Flender}, Samuel and {Font-Ribera}, Andreu and {Forero-Romero}, Jaime E. and {Fosalba}, Pablo and {Frenk}, Carlos S. and {Fumagalli}, Michele and {Gaensicke}, Boris T. and {Gallo}, Giuseppe and {Garcia-Bellido}, Juan and {Gaztanaga}, Enrique and {Pietro Gentile Fusillo}, Nicola and {Gerard}, Terry and {Gershkovich}, Irena and {Giannantonio}, Tommaso and {Gillet}, Denis and {Gonzalez-de-Rivera}, Guillermo and {Gonzalez-Perez}, Violeta and {Gott}, Shelby and {Graur}, Or and {Gutierrez}, Gaston and {Guy}, Julien and {Habib}, Salman and {Heetderks}, Henry and {Heetderks}, Ian and {Heitmann}, Katrin and {Hellwing}, Wojciech A. and {Herrera}, David A. and {Ho}, Shirley and {Holland}, Stephen and {Honscheid}, Klaus and {Huff}, Eric and {Hutchinson}, Timothy A. and {Huterer}, Dragan and {Hwang}, Ho Seong and {Illa Laguna}, Joseph Maria and {Ishikawa}, Yuzo and {Jacobs}, Dianna and {Jeffrey}, Niall and {Jelinsky}, Patrick and {Jennings}, Elise and {Jiang}, Linhua and {Jimenez}, Jorge and {Johnson}, Jennifer and {Joyce}, Richard and {Jullo}, Eric and {Juneau}, St{\'e}phanie and {Kama}, Sami and {Karcher}, Armin and {Karkar}, Sonia and {Kehoe}, Robert and {Kennamer}, Noble and {Kent}, Stephen and {Kilbinger}, Martin and {Kim}, Alex G. and {Kirkby}, David and {Kisner}, Theodore and {Kitanidis}, Ellie and {Kneib}, Jean-Paul and {Koposov}, Sergey and {Kovacs}, Eve and {Koyama}, Kazuya and {Kremin}, Anthony and {Kron}, Richard and {Kronig}, Luzius and {Kueter-Young}, Andrea and {Lacey}, Cedric G. and {Lafever}, Robin and {Lahav}, Ofer and {Lambert}, Andrew and {Lampton}, Michael and {Landriau}, Martin and {Lang}, Dustin and {Lauer}, Tod R. and {Le Goff}, Jean-Marc and {Le Guillou}, Laurent and {Le Van Suu}, Auguste and {Lee}, Jae Hyeon and {Lee}, Su-Jeong and {Leitner}, Daniela and {Lesser}, Michael and {Levi}, Michael E. and {L'Huillier}, Benjamin and {Li}, Baojiu and {Liang}, Ming and {Lin}, Huan and {Linder}, Eric and {Loebman}, Sarah R. and {Luki{\'c}}, Zarija and {Ma}, Jun and {MacCrann}, Niall and {Magneville}, Christophe and {Makarem}, Laleh and {Manera}, Marc and {Manser}, Christopher J. and {Marshall}, Robert and {Martini}, Paul and {Massey}, Richard and {Matheson}, Thomas and {McCauley}, Jeremy and {McDonald}, Patrick and {McGreer}, Ian D. and {Meisner}, Aaron and {Metcalfe}, Nigel and {Miller}, Timothy N. and {Miquel}, Ramon and {Moustakas}, John and {Myers}, Adam and {Naik}, Milind and {Newman}, Jeffrey A. and {Nichol}, Robert C. and {Nicola}, Andrina and {Nicolati da Costa}, Luiz and {Nie}, Jundan and {Niz}, Gustavo and {Norberg}, Peder and {Nord}, Brian and {Norman}, Dara and {Nugent}, Peter and {O'Brien}, Thomas and {Oh}, Minji and {Olsen}, Knut A.~G. and {Padilla}, Cristobal and {Padmanabhan}, Hamsa and {Padmanabhan}, Nikhil and {Palanque-Delabrouille}, Nathalie and {Palmese}, Antonella and {Pappalardo}, Daniel and {P{\^a}ris}, Isabelle and {Park}, Changbom and {Patej}, Anna and {Peacock}, John A. and {Peiris}, Hiranya V. and {Peng}, Xiyan and {Percival}, Will J. and {Perruchot}, Sandrine and {Pieri}, Matthew M. and {Pogge}, Richard and {Pollack}, Jennifer E. and {Poppett}, Claire and {Prada}, Francisco and {Prakash}, Abhishek and {Probst}, Ronald G. and {Rabinowitz}, David and {Raichoor}, Anand and {Ree}, Chang Hee and {Refregier}, Alexandre and {Regal}, Xavier and {Reid}, Beth and {Reil}, Kevin and {Rezaie}, Mehdi and {Rockosi}, Constance M. and {Roe}, Natalie and {Ronayette}, Samuel and {Roodman}, Aaron and {Ross}, Ashley J. and {Ross}, Nicholas P. and {Rossi}, Graziano and {Rozo}, Eduardo and {Ruhlmann-Kleider}, Vanina and {Rykoff}, Eli S. and {Sabiu}, Cristiano and {Samushia}, Lado and {Sanchez}, Eusebio and {Sanchez}, Javier and {Schlegel}, David J. and {Schneider}, Michael and {Schubnell}, Michael and {Secroun}, Aur{\'e}lia and {Seljak}, Uros and {Seo}, Hee-Jong and {Serrano}, Santiago and {Shafieloo}, Arman and {Shan}, Huanyuan and {Sharples}, Ray and {Sholl}, Michael J. and {Shourt}, William V. and {Silber}, Joseph H. and {Silva}, David R. and {Sirk}, Martin M. and {Slosar}, Anze and {Smith}, Alex and {Smoot}, George F. and {Som}, Debopam and {Song}, Yong-Seon and {Sprayberry}, David and {Staten}, Ryan and {Stefanik}, Andy and {Tarle}, Gregory and {Sien Tie}, Suk and {Tinker}, Jeremy L. and {Tojeiro}, Rita and {Valdes}, Francisco and {Valenzuela}, Octavio and {Valluri}, Monica and {Vargas-Magana}, Mariana and {Verde}, Licia and {Walker}, Alistair R. and {Wang}, Jiali and {Wang}, Yuting and {Weaver}, Benjamin A. and {Weaverdyck}, Curtis and {Wechsler}, Risa H. and {Weinberg}, David H. and {White}, Martin and {Yang}, Qian and {Yeche}, Christophe and {Zhang}, Tianmeng and {Zhao}, Gong-Bo and {Zheng}, Yi and {Zhou}, Xu and {Zhou}, Zhimin and {Zhu}, Yaling and {Zou}, Hu and {Zu}, Ying},
        title = "{The DESI Experiment Part II: Instrument Design}",
      journal = {arXiv e-prints},
     keywords = {Astrophysics - Instrumentation and Methods for Astrophysics, Astrophysics - Cosmology and Nongalactic Astrophysics},
         year = 2016,
        month = oct,
          eid = {arXiv:1611.00037},
        pages = {arXiv:1611.00037},
          doi = {10.48550/arXiv.1611.00037},
archivePrefix = {arXiv},
       eprint = {1611.00037},
 primaryClass = {astro-ph.IM},
       adsurl = {https://ui.adsabs.harvard.edu/abs/2016arXiv161100037D},
      adsnote = {Provided by the SAO/NASA Astrophysics Data System}
}

@ARTICLE{sdssv,
       author = {{Kollmeier}, Juna A. and {Zasowski}, Gail and {Rix}, Hans-Walter and {Johns}, Matt and {Anderson}, Scott F. and {Drory}, Niv and {Johnson}, Jennifer A. and {Pogge}, Richard W. and {Bird}, Jonathan C. and {Blanc}, Guillermo A. and {Brownstein}, Joel R. and {Crane}, Jeffrey D. and {De Lee}, Nathan M. and {Klaene}, Mark A. and {Kreckel}, Kathryn and {MacDonald}, Nick and {Merloni}, Andrea and {Ness}, Melissa K. and {O'Brien}, Thomas and {Sanchez-Gallego}, Jose R. and {Sayres}, Conor C. and {Shen}, Yue and {Thakar}, Ani R. and {Tkachenko}, Andrew and {Aerts}, Conny and {Blanton}, Michael R. and {Eisenstein}, Daniel J. and {Holtzman}, Jon A. and {Maoz}, Dan and {Nandra}, Kirpal and {Rockosi}, Constance and {Weinberg}, David H. and {Bovy}, Jo and {Casey}, Andrew R. and {Chaname}, Julio and {Clerc}, Nicolas and {Conroy}, Charlie and {Eracleous}, Michael and {G{\"a}nsicke}, Boris T. and {Hekker}, Saskia and {Horne}, Keith and {Kauffmann}, Jens and {McQuinn}, Kristen B.~W. and {Pellegrini}, Eric W. and {Schinnerer}, Eva and {Schlafly}, Edward F. and {Schwope}, Axel D. and {Seibert}, Mark and {Teske}, Johanna K. and {van Saders}, Jennifer L.},
        title = "{SDSS-V: Pioneering Panoptic Spectroscopy}",
      journal = {arXiv e-prints},
     keywords = {Astrophysics - Astrophysics of Galaxies},
         year = 2017,
        month = nov,
          eid = {arXiv:1711.03234},
        pages = {arXiv:1711.03234},
          doi = {10.48550/arXiv.1711.03234},
archivePrefix = {arXiv},
       eprint = {1711.03234},
 primaryClass = {astro-ph.GA},
       adsurl = {https://ui.adsabs.harvard.edu/abs/2017arXiv171103234K},
      adsnote = {Provided by the SAO/NASA Astrophysics Data System}
}

@INPROCEEDINGS{weave,
       author = {{Dalton}, Gavin and {Trager}, Scott C. and {Abrams}, Don Carlos and {Carter}, David and {Bonifacio}, Piercarlo and {Aguerri}, J. Alfonso L. and {MacIntosh}, Mike and {Evans}, Chris and {Lewis}, Ian and {Navarro}, Ramon and {Agocs}, Tibor and {Dee}, Kevin and {Rousset}, Sophie and {Tosh}, Ian and {Middleton}, Kevin and {Pragt}, Johannes and {Terrett}, David and {Brock}, Matthew and {Benn}, Chris and {Verheijen}, Marc and {Cano Infantes}, Diego and {Bevil}, Craige and {Steele}, Iain and {Mottram}, Chris and {Bates}, Stuart and {Gribbin}, Francis J. and {Rey}, J{\"u}rg and {Rodriguez}, Luis Fernando and {Delgado}, Jose Miguel and {Guinouard}, Isabelle and {Walton}, Nic and {Irwin}, Michael J. and {Jagourel}, Pascal and {Stuik}, Remko and {Gerlofsma}, Gerrit and {Roelfsma}, Ronald and {Skillen}, Ian and {Ridings}, Andy and {Balcells}, Marc and {Daban}, Jean-Baptiste and {Gouvret}, Carole and {Venema}, Lars and {Girard}, Paul},
        title = "{WEAVE: the next generation wide-field spectroscopy facility for the William Herschel Telescope}",
    booktitle = {Ground-based and Airborne Instrumentation for Astronomy IV},
         year = 2012,
       editor = {{McLean}, Ian S. and {Ramsay}, Suzanne K. and {Takami}, Hideki},
       series = {Society of Photo-Optical Instrumentation Engineers (SPIE) Conference Series},
       volume = {8446},
        month = sep,
          eid = {84460P},
        pages = {84460P},
          doi = {10.1117/12.925950},
       adsurl = {https://ui.adsabs.harvard.edu/abs/2012SPIE.8446E..0PD},
      adsnote = {Provided by the SAO/NASA Astrophysics Data System}
}

@ARTICLE{vista,
       author = {{Emerson}, J. and {McPherson}, A. and {Sutherland}, W.},
        title = "{Visible and Infrared Survey Telescope for Astronomy: Progress Report}",
      journal = {The Messenger},
         year = 2006,
        month = dec,
       volume = {126},
        pages = {41-42},
       adsurl = {https://ui.adsabs.harvard.edu/abs/2006Msngr.126...41E},
      adsnote = {Provided by the SAO/NASA Astrophysics Data System}
}

@ARTICLE{sdssdr19,
       author = {{Almeida}, Andr{\'e}s and {Anderson}, Scott F. and {Argudo-Fern{\'a}ndez}, Maria and {Badenes}, Carles and {Barger}, Kat and {Barrera-Ballesteros}, Jorge K. and {Bender}, Chad F. and {Benitez}, Erika and {Besser}, Felipe and {Bird}, Jonathan C. and {Bizyaev}, Dmitry and {Blanton}, Michael R. and {Bochanski}, John and {Bovy}, Jo and {Brandt}, William Nielsen and {Brownstein}, Joel R. and {Buchner}, Johannes and {Bulbul}, Esra and {Burchett}, Joseph N. and {Cano D{\'\i}az}, Mariana and {Carlberg}, Joleen K. and {Casey}, Andrew R. and {Chandra}, Vedant and {Cherinka}, Brian and {Chiappini}, Cristina and {Coker}, Abigail A. and {Comparat}, Johan and {Conroy}, Charlie and {Contardo}, Gabriella and {Cortes}, Arlin and {Covey}, Kevin and {Crane}, Jeffrey D. and {Cunha}, Katia and {Dabbieri}, Collin and {Davidson}, James W. and {Davis}, Megan C. and {de Andrade Queiroz}, Anna Barbara and {De Lee}, Nathan and {M{\'e}ndez Delgado}, Jos{\'e} Eduardo and {Demasi}, Sebastian and {Di Mille}, Francesco and {Donor}, John and {Dow}, Peter and {Dwelly}, Tom and {Eracleous}, Mike and {Eriksen}, Jamey and {Fan}, Xiaohui and {Farr}, Emily and {Frederick}, Sara and {Fries}, Logan and {Frinchaboy}, Peter and {G{\"a}nsicke}, Boris T. and {Ge}, Junqiang and {Gonz{\'a}lez {\'A}vila}, Consuelo and {Grabowski}, Katie and {Grier}, Catherine and {Guiglion}, Guillaume and {Gupta}, Pramod and {Hall}, Patrick and {Hawkins}, Keith and {Hayes}, Christian R. and {Hermes}, J.~J. and {Hern{\'a}ndez-Garc{\'\i}a}, Lorena and {Hogg}, David W. and {Holtzman}, Jon A. and {Ibarra-Medel}, Hector Javier and {Ji}, Alexander and {Jofre}, Paula and {Johnson}, Jennifer A. and {Jones}, Amy M. and {Kinemuchi}, Karen and {Kluge}, Matthias and {Koekemoer}, Anton and {Kollmeier}, Juna A. and {Kounkel}, Marina and {Krishnarao}, Dhanesh and {Krumpe}, Mirko and {Lacerna}, Ivan and {Lago}, Paulo Jakson Assuncao and {Laporte}, Chervin and {Liu}, Chao and {Liu}, Ang and {Liu}, Xin and {Lopes}, Alexandre Roman and {Macktoobian}, Matin and {Majewski}, Steven R. and {Malanushenko}, Viktor and {Maoz}, Dan and {Masseron}, Thomas and {Masters}, Karen L. and {Matijevic}, Gal and {McBride}, Aidan and {Medan}, Ilija and {Merloni}, Andrea and {Morrison}, Sean and {Myers}, Natalie and {M{\'e}sz{\'a}ros}, Szabolcs and {Negrete}, C. Alenka and {Nidever}, David L. and {Nitschelm}, Christian and {Oravetz}, Daniel and {Oravetz}, Audrey and {Pan}, Kaike and {Peng}, Yingjie and {Pinsonneault}, Marc H. and {Pogge}, Rick and {Qiu}, Dan and {Ramirez}, Solange V. and {Rix}, Hans-Walter and {Fern{\'a}ndez Rosso}, Daniela and {Runnoe}, Jessie and {Salvato}, Mara and {Sanchez}, Sebastian F. and {Santana}, Felipe A. and {Saydjari}, Andrew and {Sayres}, Conor and {Schlaufman}, Kevin C. and {Schneider}, Donald P. and {Schwope}, Axel and {Serna}, Javier and {Shen}, Yue and {Sobeck}, Jennifer and {Song}, Ying-Yi and {Souto}, Diogo and {Spoo}, Taylor and {Stassun}, Keivan G. and {Steinmetz}, Matthias and {Straumit}, Ilya and {Stringfellow}, Guy and {S{\'a}nchez-Gallego}, Jos{\'e} and {Taghizadeh-Popp}, Manuchehr and {Tayar}, Jamie and {Thakar}, Ani and {Tissera}, Patricia B. and {Tkachenko}, Andrew and {Hernandez Toledo}, Hector and {Trakhtenbrot}, Benny and {Fern{\'a}ndez-Trincado}, Jos{\'e} G. and {Troup}, Nicholas and {Trump}, Jonathan R. and {Tuttle}, Sarah and {Ulloa}, Natalie and {Vazquez-Mata}, Jose Antonio and {Vera Alfaro}, Pablo and {Villanova}, Sandro and {Wachter}, Stefanie and {Weijmans}, Anne-Marie and {Wheeler}, Adam and {Wilson}, John and {Wojno}, Leigh and {Wolf}, Julien and {Xue}, Xiang-Xiang and {Ybarra}, Jason E. and {Zari}, Eleonora and {Zasowski}, Gail},
        title = "{The Eighteenth Data Release of the Sloan Digital Sky Surveys: Targeting and First Spectra from SDSS-V}",
      journal = {\apjs},
     keywords = {Surveys, Astronomy databases, Astronomy data acquisition, Astronomy software, 1671, 83, 1860, 1855, Astrophysics - Astrophysics of Galaxies, Astrophysics - Cosmology and Nongalactic Astrophysics, Astrophysics - High Energy Astrophysical Phenomena},
         year = 2023,
        month = aug,
       volume = {267},
       number = {2},
          eid = {44},
        pages = {44},
          doi = {10.3847/1538-4365/acda98},
archivePrefix = {arXiv},
       eprint = {2301.07688},
 primaryClass = {astro-ph.GA},
       adsurl = {https://ui.adsabs.harvard.edu/abs/2023ApJS..267...44A},
      adsnote = {Provided by the SAO/NASA Astrophysics Data System}
}

@ARTICLE{desiedr,
       author = {{DESI Collaboration} and {Adame}, A.~G. and {Aguilar}, J. and {Ahlen}, S. and {Alam}, S. and {Aldering}, G. and {Alexander}, D.~M. and {Alfarsy}, R. and {Allende Prieto}, C. and {Alvarez}, M. and {Alves}, O. and {Anand}, A. and {Andrade-Oliveira}, F. and {Armengaud}, E. and {Asorey}, J. and {Avila}, S. and {Aviles}, A. and {Bailey}, S. and {Balaguera-Antol{\'\i}nez}, A. and {Ballester}, O. and {Baltay}, C. and {Bault}, A. and {Bautista}, J. and {Behera}, J. and {Beltran}, S.~F. and {BenZvi}, S. and {Beraldo e Silva}, L. and {Bermejo-Climent}, J.~R. and {Berti}, A. and {Besuner}, R. and {Beutler}, F. and {Bianchi}, D. and {Blake}, C. and {Blum}, R. and {Bolton}, A.~S. and {Brieden}, S. and {Brodzeller}, A. and {Brooks}, D. and {Brown}, Z. and {Buckley-Geer}, E. and {Burtin}, E. and {Cabayol-Garcia}, L. and {Cai}, Z. and {Canning}, R. and {Cardiel-Sas}, L. and {Carnero Rosell}, A. and {Castander}, F.~J. and {Cervantes-Cota}, J.~L. and {Chabanier}, S. and {Chaussidon}, E. and {Chaves-Montero}, J. and {Chen}, S. and {Chuang}, C. and {Claybaugh}, T. and {Cole}, S. and {Cooper}, A.~P. and {Cuceu}, A. and {Davis}, T.~M. and {Dawson}, K. and {de Belsunce}, R. and {de la Cruz}, R. and {de la Macorra}, A. and {de Mattia}, A. and {Demina}, R. and {Demirbozan}, U. and {DeRose}, J. and {Dey}, A. and {Dey}, B. and {Dhungana}, G. and {Ding}, J. and {Ding}, Z. and {Doel}, P. and {Doshi}, R. and {Douglass}, K. and {Edge}, A. and {Eftekharzadeh}, S. and {Eisenstein}, D.~J. and {Elliott}, A. and {Escoffier}, S. and {Fagrelius}, P. and {Fan}, X. and {Fanning}, K. and {Fawcett}, V.~A. and {Ferraro}, S. and {Ereza}, J. and {Flaugher}, B. and {Font-Ribera}, A. and {Forero-S{\'a}nchez}, D. and {Forero-Romero}, J.~E. and {Frenk}, C.~S. and {G{\"a}nsicke}, B.~T. and {Garc{\'\i}a}, L. {\'A}. and {Garc{\'\i}a-Bellido}, J. and {Garcia-Quintero}, C. and {Garrison}, L.~H. and {Gil-Mar{\'\i}n}, H. and {Golden-Marx}, J. and {Gontcho}, S. Gontcho A and {Gonzalez-Morales}, A.~X. and {Gonzalez-Perez}, V. and {Gordon}, C. and {Graur}, O. and {Green}, D. and {Gruen}, D. and {Guy}, J. and {Hadzhiyska}, B. and {Hahn}, C. and {Han}, J.~J. and {Hanif}, M.~M. S and {Herrera-Alcantar}, H.~K. and {Honscheid}, K. and {Hou}, J. and {Howlett}, C. and {Huterer}, D. and {Ir{\v{s}}i{\v{c}}}, V. and {Ishak}, M. and {Jacques}, A. and {Jana}, A. and {Jiang}, L. and {Jimenez}, J. and {Jing}, Y.~P. and {Joudaki}, S. and {Jullo}, E. and {Juneau}, S. and {Kizhuprakkat}, N. and {Kara{\c{c}}ayl{\i}}, N.~G. and {Karim}, T. and {Kehoe}, R. and {Kent}, S. and {Khederlarian}, A. and {Kim}, S. and {Kirkby}, D. and {Kisner}, T. and {Kitaura}, F. and {Kneib}, J. and {Koposov}, S.~E. and {Kov{\'a}cs}, A. and {Kremin}, A. and {Krolewski}, A. and {L'Huillier}, B. and {Lambert}, A. and {Lamman}, C. and {Lan}, T. -W. and {Landriau}, M. and {Lang}, D. and {Lange}, J.~U. and {Lasker}, J. and {Le Guillou}, L. and {Leauthaud}, A. and {Levi}, M.~E. and {Li}, T.~S. and {Linder}, E. and {Lyons}, A. and {Magneville}, C. and {Manera}, M. and {Manser}, C.~J. and {Margala}, D. and {Martini}, P. and {McDonald}, P. and {Medina}, G.~E. and {Medina-Varela}, L. and {Meisner}, A. and {Mena-Fern{\'a}ndez}, J. and {Meneses-Rizo}, J. and {Mezcua}, M. and {Miquel}, R. and {Montero-Camacho}, P. and {Moon}, J. and {Moore}, S. and {Moustakas}, J. and {Mueller}, E. and {Mundet}, J. and {Mu{\~n}oz-Guti{\'e}rrez}, A. and {Myers}, A.~D. and {Nadathur}, S. and {Napolitano}, L. and {Neveux}, R. and {Newman}, J.~A. and {Nie}, J. and {Nikutta}, R. and {Niz}, G. and {Norberg}, P. and {Noriega}, H.~E. and {Paillas}, E. and {Palanque-Delabrouille}, N. and {Palmese}, A. and {Zhiwei}, P. and {Parkinson}, D. and {Penmetsa}, S. and {Percival}, W.~J. and {P{\'e}rez-Fern{\'a}ndez}, A. and {P{\'e}rez-R{\`a}fols}, I. and {Pieri}, M. and {Poppett}, C. and {Porredon}, A. and {Pothier}, S. and {Prada}, F. and {Pucha}, R. and {Raichoor}, A. and {Ram{\'\i}rez-P{\'e}rez}, C. and {Ramirez-Solano}, S. and {Rashkovetskyi}, M. and {Ravoux}, C. and {Rocher}, A. and {Rockosi}, C. and {Ross}, A.~J. and {Rossi}, G. and {Ruggeri}, R. and {Ruhlmann-Kleider}, V. and {Sabiu}, C.~G. and {Said}, K. and {Saintonge}, A. and {Samushia}, L. and {Sanchez}, E. and {Saulder}, C. and {Schaan}, E. and {Schlafly}, E.~F. and {Schlegel}, D. and {Scholte}, D. and {Schubnell}, M. and {Seo}, H. and {Shafieloo}, A. and {Sharples}, R. and {Sheu}, W. and {Silber}, J. and {Sinigaglia}, F. and {Siudek}, M. and {Slepian}, Z. and {Smith}, A. and {Sprayberry}, D. and {Stephey}, L. and {Su{\'a}rez-P{\'e}rez}, J. and {Sun}, Z. and {Tan}, T. and {Tarl{\'e}}, G. and {Tojeiro}, R. and {Ure{\~n}a-L{\'o}pez}, L.~A. and {Vaisakh}, R. and {Valcin}, D. and {Valdes}, F. and {Valluri}, M. and {Vargas-Maga{\~n}a}, M. and {Variu}, A. and {Verde}, L. and {Walther}, M. and {Wang}, B. and {Wang}, M.~S. and {Weaver}, B.~A. and {Weaverdyck}, N. and {Wechsler}, R.~H. and {White}, M. and {Xie}, Y. and {Yang}, J. and {Y{\`e}che}, C. and {Yu}, J. and {Yuan}, S. and {Zhang}, H. and {Zhang}, Z. and {Zhao}, C. and {Zheng}, Z. and {Zhou}, R. and {Zhou}, Z. and {Zou}, H. and {Zou}, S. and {Zu}, Y.},
        title = "{The Early Data Release of the Dark Energy Spectroscopic Instrument}",
      journal = {arXiv e-prints},
     keywords = {Astrophysics - Cosmology and Nongalactic Astrophysics},
         year = 2023,
        month = jun,
          eid = {arXiv:2306.06308},
        pages = {arXiv:2306.06308},
          doi = {10.48550/arXiv.2306.06308},
archivePrefix = {arXiv},
       eprint = {2306.06308},
 primaryClass = {astro-ph.CO},
       adsurl = {https://ui.adsabs.harvard.edu/abs/2023arXiv230606308D},
      adsnote = {Provided by the SAO/NASA Astrophysics Data System}
}

@ARTICLE{lsst,
       author = {{Ivezi{\'c}}, {\v{Z}}eljko and {Kahn}, Steven M. and {Tyson}, J. Anthony and {Abel}, Bob and {Acosta}, Emily and {Allsman}, Robyn and {Alonso}, David and {AlSayyad}, Yusra and {Anderson}, Scott F. and {Andrew}, John and {Angel}, James Roger P. and {Angeli}, George Z. and {Ansari}, Reza and {Antilogus}, Pierre and {Araujo}, Constanza and {Armstrong}, Robert and {Arndt}, Kirk T. and {Astier}, Pierre and {Aubourg}, {\'E}ric and {Auza}, Nicole and {Axelrod}, Tim S. and {Bard}, Deborah J. and {Barr}, Jeff D. and {Barrau}, Aurelian and {Bartlett}, James G. and {Bauer}, Amanda E. and {Bauman}, Brian J. and {Baumont}, Sylvain and {Bechtol}, Ellen and {Bechtol}, Keith and {Becker}, Andrew C. and {Becla}, Jacek and {Beldica}, Cristina and {Bellavia}, Steve and {Bianco}, Federica B. and {Biswas}, Rahul and {Blanc}, Guillaume and {Blazek}, Jonathan and {Blandford}, Roger D. and {Bloom}, Josh S. and {Bogart}, Joanne and {Bond}, Tim W. and {Booth}, Michael T. and {Borgland}, Anders W. and {Borne}, Kirk and {Bosch}, James F. and {Boutigny}, Dominique and {Brackett}, Craig A. and {Bradshaw}, Andrew and {Brandt}, William Nielsen and {Brown}, Michael E. and {Bullock}, James S. and {Burchat}, Patricia and {Burke}, David L. and {Cagnoli}, Gianpietro and {Calabrese}, Daniel and {Callahan}, Shawn and {Callen}, Alice L. and {Carlin}, Jeffrey L. and {Carlson}, Erin L. and {Chandrasekharan}, Srinivasan and {Charles-Emerson}, Glenaver and {Chesley}, Steve and {Cheu}, Elliott C. and {Chiang}, Hsin-Fang and {Chiang}, James and {Chirino}, Carol and {Chow}, Derek and {Ciardi}, David R. and {Claver}, Charles F. and {Cohen-Tanugi}, Johann and {Cockrum}, Joseph J. and {Coles}, Rebecca and {Connolly}, Andrew J. and {Cook}, Kem H. and {Cooray}, Asantha and {Covey}, Kevin R. and {Cribbs}, Chris and {Cui}, Wei and {Cutri}, Roc and {Daly}, Philip N. and {Daniel}, Scott F. and {Daruich}, Felipe and {Daubard}, Guillaume and {Daues}, Greg and {Dawson}, William and {Delgado}, Francisco and {Dellapenna}, Alfred and {de Peyster}, Robert and {de Val-Borro}, Miguel and {Digel}, Seth W. and {Doherty}, Peter and {Dubois}, Richard and {Dubois-Felsmann}, Gregory P. and {Durech}, Josef and {Economou}, Frossie and {Eifler}, Tim and {Eracleous}, Michael and {Emmons}, Benjamin L. and {Fausti Neto}, Angelo and {Ferguson}, Henry and {Figueroa}, Enrique and {Fisher-Levine}, Merlin and {Focke}, Warren and {Foss}, Michael D. and {Frank}, James and {Freemon}, Michael D. and {Gangler}, Emmanuel and {Gawiser}, Eric and {Geary}, John C. and {Gee}, Perry and {Geha}, Marla and {Gessner}, Charles J.~B. and {Gibson}, Robert R. and {Gilmore}, D. Kirk and {Glanzman}, Thomas and {Glick}, William and {Goldina}, Tatiana and {Goldstein}, Daniel A. and {Goodenow}, Iain and {Graham}, Melissa L. and {Gressler}, William J. and {Gris}, Philippe and {Guy}, Leanne P. and {Guyonnet}, Augustin and {Haller}, Gunther and {Harris}, Ron and {Hascall}, Patrick A. and {Haupt}, Justine and {Hernandez}, Fabio and {Herrmann}, Sven and {Hileman}, Edward and {Hoblitt}, Joshua and {Hodgson}, John A. and {Hogan}, Craig and {Howard}, James D. and {Huang}, Dajun and {Huffer}, Michael E. and {Ingraham}, Patrick and {Innes}, Walter R. and {Jacoby}, Suzanne H. and {Jain}, Bhuvnesh and {Jammes}, Fabrice and {Jee}, M. James and {Jenness}, Tim and {Jernigan}, Garrett and {Jevremovi{\'c}}, Darko and {Johns}, Kenneth and {Johnson}, Anthony S. and {Johnson}, Margaret W.~G. and {Jones}, R. Lynne and {Juramy-Gilles}, Claire and {Juri{\'c}}, Mario and {Kalirai}, Jason S. and {Kallivayalil}, Nitya J. and {Kalmbach}, Bryce and {Kantor}, Jeffrey P. and {Karst}, Pierre and {Kasliwal}, Mansi M. and {Kelly}, Heather and {Kessler}, Richard and {Kinnison}, Veronica and {Kirkby}, David and {Knox}, Lloyd and {Kotov}, Ivan V. and {Krabbendam}, Victor L. and {Krughoff}, K. Simon and {Kub{\'a}nek}, Petr and {Kuczewski}, John and {Kulkarni}, Shri and {Ku}, John and {Kurita}, Nadine R. and {Lage}, Craig S. and {Lambert}, Ron and {Lange}, Travis and {Langton}, J. Brian and {Le Guillou}, Laurent and {Levine}, Deborah and {Liang}, Ming and {Lim}, Kian-Tat and {Lintott}, Chris J. and {Long}, Kevin E. and {Lopez}, Margaux and {Lotz}, Paul J. and {Lupton}, Robert H. and {Lust}, Nate B. and {MacArthur}, Lauren A. and {Mahabal}, Ashish and {Mandelbaum}, Rachel and {Markiewicz}, Thomas W. and {Marsh}, Darren S. and {Marshall}, Philip J. and {Marshall}, Stuart and {May}, Morgan and {McKercher}, Robert and {McQueen}, Michelle and {Meyers}, Joshua and {Migliore}, Myriam and {Miller}, Michelle and {Mills}, David J. and {Miraval}, Connor and {Moeyens}, Joachim and {Moolekamp}, Fred E. and {Monet}, David G. and {Moniez}, Marc and {Monkewitz}, Serge and {Montgomery}, Christopher and {Morrison}, Christopher B. and {Mueller}, Fritz and {Muller}, Gary P. and {Mu{\~n}oz Arancibia}, Freddy and {Neill}, Douglas R. and {Newbry}, Scott P. and {Nief}, Jean-Yves and {Nomerotski}, Andrei and {Nordby}, Martin and {O'Connor}, Paul and {Oliver}, John and {Olivier}, Scot S. and {Olsen}, Knut and {O'Mullane}, William and {Ortiz}, Sandra and {Osier}, Shawn and {Owen}, Russell E. and {Pain}, Reynald and {Palecek}, Paul E. and {Parejko}, John K. and {Parsons}, James B. and {Pease}, Nathan M. and {Peterson}, J. Matt and {Peterson}, John R. and {Petravick}, Donald L. and {Libby Petrick}, M.~E. and {Petry}, Cathy E. and {Pierfederici}, Francesco and {Pietrowicz}, Stephen and {Pike}, Rob and {Pinto}, Philip A. and {Plante}, Raymond and {Plate}, Stephen and {Plutchak}, Joel P. and {Price}, Paul A. and {Prouza}, Michael and {Radeka}, Veljko and {Rajagopal}, Jayadev and {Rasmussen}, Andrew P. and {Regnault}, Nicolas and {Reil}, Kevin A. and {Reiss}, David J. and {Reuter}, Michael A. and {Ridgway}, Stephen T. and {Riot}, Vincent J. and {Ritz}, Steve and {Robinson}, Sean and {Roby}, William and {Roodman}, Aaron and {Rosing}, Wayne and {Roucelle}, Cecille and {Rumore}, Matthew R. and {Russo}, Stefano and {Saha}, Abhijit and {Sassolas}, Benoit and {Schalk}, Terry L. and {Schellart}, Pim and {Schindler}, Rafe H. and {Schmidt}, Samuel and {Schneider}, Donald P. and {Schneider}, Michael D. and {Schoening}, William and {Schumacher}, German and {Schwamb}, Megan E. and {Sebag}, Jacques and {Selvy}, Brian and {Sembroski}, Glenn H. and {Seppala}, Lynn G. and {Serio}, Andrew and {Serrano}, Eduardo and {Shaw}, Richard A. and {Shipsey}, Ian and {Sick}, Jonathan and {Silvestri}, Nicole and {Slater}, Colin T. and {Smith}, J. Allyn and {Smith}, R. Chris and {Sobhani}, Shahram and {Soldahl}, Christine and {Storrie-Lombardi}, Lisa and {Stover}, Edward and {Strauss}, Michael A. and {Street}, Rachel A. and {Stubbs}, Christopher W. and {Sullivan}, Ian S. and {Sweeney}, Donald and {Swinbank}, John D. and {Szalay}, Alexander and {Takacs}, Peter and {Tether}, Stephen A. and {Thaler}, Jon J. and {Thayer}, John Gregg and {Thomas}, Sandrine and {Thornton}, Adam J. and {Thukral}, Vaikunth and {Tice}, Jeffrey and {Trilling}, David E. and {Turri}, Max and {Van Berg}, Richard and {Vanden Berk}, Daniel and {Vetter}, Kurt and {Virieux}, Francoise and {Vucina}, Tomislav and {Wahl}, William and {Walkowicz}, Lucianne and {Walsh}, Brian and {Walter}, Christopher W. and {Wang}, Daniel L. and {Wang}, Shin-Yawn and {Warner}, Michael and {Wiecha}, Oliver and {Willman}, Beth and {Winters}, Scott E. and {Wittman}, David and {Wolff}, Sidney C. and {Wood-Vasey}, W. Michael and {Wu}, Xiuqin and {Xin}, Bo and {Yoachim}, Peter and {Zhan}, Hu},
        title = "{LSST: From Science Drivers to Reference Design and Anticipated Data Products}",
      journal = {\apj},
     keywords = {astrometry, cosmology: observations, Galaxy: general, methods: observational, stars: general, surveys, Astrophysics},
         year = 2019,
        month = mar,
       volume = {873},
       number = {2},
          eid = {111},
        pages = {111},
          doi = {10.3847/1538-4357/ab042c},
archivePrefix = {arXiv},
       eprint = {0805.2366},
 primaryClass = {astro-ph},
       adsurl = {https://ui.adsabs.harvard.edu/abs/2019ApJ...873..111I},
      adsnote = {Provided by the SAO/NASA Astrophysics Data System}
}

@ARTICLE{lauffer18,
       author = {{Lauffer}, G.~R. and {Romero}, A.~D. and {Kepler}, S.~O.},
        title = "{New full evolutionary sequences of H- and He-atmosphere massive white dwarf stars using MESA}",
      journal = {\mnras},
     keywords = {methods: numerical, stars: evolution, stars: white dwarfs, Astrophysics - Solar and Stellar Astrophysics},
         year = 2018,
        month = oct,
       volume = {480},
       number = {2},
        pages = {1547-1562},
          doi = {10.1093/mnras/sty1925},
archivePrefix = {arXiv},
       eprint = {1807.04774},
 primaryClass = {astro-ph.SR},
       adsurl = {https://ui.adsabs.harvard.edu/abs/2018MNRAS.480.1547L},
      adsnote = {Provided by the SAO/NASA Astrophysics Data System}
}

@ARTICLE{althaus21,
       author = {{Althaus}, Leandro G. and {Gil-Pons}, Pilar and {C{\'o}rsico}, Alejandro H. and {Miller Bertolami}, Marcelo and {De Ger{\'o}nimo}, Francisco and {Camisassa}, Mar{\'\i}a E. and {Torres}, Santiago and {Gutierrez}, Jordi and {Rebassa-Mansergas}, Alberto},
        title = "{The formation of ultra-massive carbon-oxygen core white dwarfs and their evolutionary and pulsational properties}",
      journal = {\aap},
     keywords = {stars: evolution, stars: interiors, white dwarfs, stars: oscillations, Astrophysics - Solar and Stellar Astrophysics},
         year = 2021,
        month = feb,
       volume = {646},
          eid = {A30},
        pages = {A30},
          doi = {10.1051/0004-6361/202038930},
archivePrefix = {arXiv},
       eprint = {2011.10439},
 primaryClass = {astro-ph.SR},
       adsurl = {https://ui.adsabs.harvard.edu/abs/2021A&A...646A..30A},
      adsnote = {Provided by the SAO/NASA Astrophysics Data System}
}

@ARTICLE{althaus10,
       author = {{Althaus}, Leandro G. and {C{\'o}rsico}, Alejandro H. and {Isern}, Jordi and {Garc{\'\i}a-Berro}, Enrique},
        title = "{Evolutionary and pulsational properties of white dwarf stars}",
      journal = {\aapr},
     keywords = {Stars: evolution, Stars: white dwarfs, Stars: interiors, Stars: oscillations, Astrophysics - Solar and Stellar Astrophysics},
         year = 2010,
        month = oct,
       volume = {18},
       number = {4},
        pages = {471-566},
          doi = {10.1007/s00159-010-0033-1},
archivePrefix = {arXiv},
       eprint = {1007.2659},
 primaryClass = {astro-ph.SR},
       adsurl = {https://ui.adsabs.harvard.edu/abs/2010A&ARv..18..471A},
      adsnote = {Provided by the SAO/NASA Astrophysics Data System}
}

@ARTICLE{obrien24,
       author = {{O'Brien}, Mairi W. and {Tremblay}, P. -E. and {Klein}, B.~L. and {Koester}, D. and {Melis}, C. and {B{\'e}dard}, A. and {Cukanovaite}, E. and {Cunningham}, T. and {Doyle}, A.~E. and {G{\"a}nsicke}, B.~T. and {Gentile Fusillo}, N.~P. and {Hollands}, M.~A. and {McCleery}, J. and {Pelisoli}, I. and {Toonen}, S. and {Weinberger}, A.~J. and {Zuckerman}, B.},
        title = "{The 40 pc sample of white dwarfs from Gaia}",
      journal = {\mnras},
     keywords = {stars: statistics, white dwarfs, solar neighbourhood, Astrophysics - Solar and Stellar Astrophysics, Astrophysics - Astrophysics of Galaxies},
         year = 2024,
        month = jan,
       volume = {527},
       number = {3},
        pages = {8687-8705},
          doi = {10.1093/mnras/stad3773},
archivePrefix = {arXiv},
       eprint = {2312.02735},
 primaryClass = {astro-ph.SR},
       adsurl = {https://ui.adsabs.harvard.edu/abs/2024MNRAS.527.8687O},
      adsnote = {Provided by the SAO/NASA Astrophysics Data System}
}

@ARTICLE{chandra31,
       author = {{Chandrasekhar}, S.},
        title = "{The Maximum Mass of Ideal White Dwarfs}",
      journal = {\apj},
         year = 1931,
        month = jul,
       volume = {74},
        pages = {81},
          doi = {10.1086/143324},
       adsurl = {https://ui.adsabs.harvard.edu/abs/1931ApJ....74...81C},
      adsnote = {Provided by the SAO/NASA Astrophysics Data System}
}

@ARTICLE{schatzman45,
       author = {{Schatzman}, Evry},
        title = "{Th{\'e}orie du d{\'e}bit d'{\'e}nergie des naines blanches}",
      journal = {Annales d'Astrophysique},
         year = 1945,
        month = jan,
       volume = {8},
        pages = {143},
       adsurl = {https://ui.adsabs.harvard.edu/abs/1945AnAp....8..143S},
      adsnote = {Provided by the SAO/NASA Astrophysics Data System}
}

@ARTICLE{paquette86,
       author = {{Paquette}, C. and {Pelletier}, C. and {Fontaine}, G. and {Michaud}, G.},
        title = "{Diffusion Coefficients for Stellar Plasmas}",
      journal = {\apjs},
     keywords = {Diffusion Coefficient, Plasma Diffusion, Space Plasmas, Stellar Envelopes, White Dwarf Stars, Boltzmann Transport Equation, Chapman-Enskog Theory, Collision Parameters, Coulomb Potential, Dense Plasmas, Thermal Diffusion, Astrophysics, DIFFUSION, PLASMAS, STARS: WHITE DWARFS},
         year = 1986,
        month = may,
       volume = {61},
        pages = {177},
          doi = {10.1086/191111},
       adsurl = {https://ui.adsabs.harvard.edu/abs/1986ApJS...61..177P},
      adsnote = {Provided by the SAO/NASA Astrophysics Data System}
}

@ARTICLE{koester09,
       author = {{Koester}, D.},
        title = "{Accretion and diffusion in white dwarfs. New diffusion timescales and applications to GD 362 and G 29-38}",
      journal = {\aap},
     keywords = {stars: white dwarfs, stars: abundances, accretion, accretion disks, diffusion, Astrophysics - Solar and Stellar Astrophysics},
         year = 2009,
        month = may,
       volume = {498},
       number = {2},
        pages = {517-525},
          doi = {10.1051/0004-6361/200811468},
archivePrefix = {arXiv},
       eprint = {0903.1499},
 primaryClass = {astro-ph.SR},
       adsurl = {https://ui.adsabs.harvard.edu/abs/2009A&A...498..517K},
      adsnote = {Provided by the SAO/NASA Astrophysics Data System}
}

@ARTICLE{wyatt14,
       author = {{Wyatt}, M.~C. and {Farihi}, J. and {Pringle}, J.~E. and {Bonsor}, A.},
        title = "{Stochastic accretion of planetesimals on to white dwarfs: constraints on the mass distribution of accreted material from atmospheric pollution}",
      journal = {\mnras},
     keywords = {circumstellar matter, planetary systems, white dwarfs, Astrophysics - Earth and Planetary Astrophysics},
         year = 2014,
        month = apr,
       volume = {439},
       number = {4},
        pages = {3371-3391},
          doi = {10.1093/mnras/stu183},
archivePrefix = {arXiv},
       eprint = {1401.6173},
 primaryClass = {astro-ph.EP},
       adsurl = {https://ui.adsabs.harvard.edu/abs/2014MNRAS.439.3371W},
      adsnote = {Provided by the SAO/NASA Astrophysics Data System}
}

@ARTICLE{maldonado20,
       author = {{Maldonado}, R.~F. and {Villaver}, E. and {Mustill}, A.~J. and {Chavez}, M. and {Bertone}, E.},
        title = "{Understanding the origin of white dwarf atmospheric pollution by dynamical simulations based on detected three-planet systems}",
      journal = {\mnras},
     keywords = {Kuiper belt: general, planets and satellites: dynamical evolution and stability, stars: AGB and post-AGB, circumstellar matter, planetary systems, white dwarfs, Astrophysics - Earth and Planetary Astrophysics, Astrophysics - Solar and Stellar Astrophysics},
         year = 2020,
        month = dec,
       volume = {499},
       number = {2},
        pages = {1854-1869},
          doi = {10.1093/mnras/staa2946},
archivePrefix = {arXiv},
       eprint = {2009.10844},
 primaryClass = {astro-ph.EP},
       adsurl = {https://ui.adsabs.harvard.edu/abs/2020MNRAS.499.1854M},
      adsnote = {Provided by the SAO/NASA Astrophysics Data System}
}

@ARTICLE{bonsor11,
       author = {{Bonsor}, A. and {Mustill}, A.~J. and {Wyatt}, M.~C.},
        title = "{Dynamical effects of stellar mass-loss on a Kuiper-like belt}",
      journal = {\mnras},
     keywords = {Kuiper belt: general, planets and satellites: dynamical evolution and stability, circumstellar matter, planetary systems, white dwarfs, Astrophysics - Earth and Planetary Astrophysics},
         year = 2011,
        month = jun,
       volume = {414},
       number = {2},
        pages = {930-939},
          doi = {10.1111/j.1365-2966.2011.18524.x},
archivePrefix = {arXiv},
       eprint = {1102.3185},
 primaryClass = {astro-ph.EP},
       adsurl = {https://ui.adsabs.harvard.edu/abs/2011MNRAS.414..930B},
      adsnote = {Provided by the SAO/NASA Astrophysics Data System}
}

@ARTICLE{mustill18,
       author = {{Mustill}, Alexander J. and {Villaver}, Eva and {Veras}, Dimitri and {G{\"a}nsicke}, Boris T. and {Bonsor}, Amy},
        title = "{Unstable low-mass planetary systems as drivers of white dwarf pollution}",
      journal = {\mnras},
     keywords = {Kuiper Belt: general, planets and satellites: dynamical evolution and stability, stars: AGB and post-AGB, circumstellar matter, planetary systems, white dwarfs, Astrophysics - Earth and Planetary Astrophysics},
         year = 2018,
        month = may,
       volume = {476},
       number = {3},
        pages = {3939-3955},
          doi = {10.1093/mnras/sty446},
archivePrefix = {arXiv},
       eprint = {1711.02940},
 primaryClass = {astro-ph.EP},
       adsurl = {https://ui.adsabs.harvard.edu/abs/2018MNRAS.476.3939M},
      adsnote = {Provided by the SAO/NASA Astrophysics Data System}
}

@ARTICLE{frewen14,
       author = {{Frewen}, S.~F.~N. and {Hansen}, B.~M.~S.},
        title = "{Eccentric planets and stellar evolution as a cause of polluted white dwarfs}",
      journal = {\mnras},
     keywords = {planets and satellites: dynamical evolution and stability, planet-disc interactions, planet-star interactions, white dwarfs, Astrophysics - Earth and Planetary Astrophysics},
         year = 2014,
        month = apr,
       volume = {439},
       number = {3},
        pages = {2442-2458},
          doi = {10.1093/mnras/stu097},
archivePrefix = {arXiv},
       eprint = {1401.5470},
 primaryClass = {astro-ph.EP},
       adsurl = {https://ui.adsabs.harvard.edu/abs/2014MNRAS.439.2442F},
      adsnote = {Provided by the SAO/NASA Astrophysics Data System}
}

@ARTICLE{winget87,
       author = {{Winget}, D.~E. and {Hansen}, C.~J. and {Liebert}, James and {van Horn}, H.~M. and {Fontaine}, G. and {Nather}, R.~E. and {Kepler}, S.~O. and {Lamb}, D.~Q.},
        title = "{An Independent Method for Determining the Age of the Universe}",
      journal = {\apjl},
     keywords = {Chronology, Cosmology, Disk Galaxies, Stellar Evolution, Universe, White Dwarf Stars, Cool Stars, Luminous Intensity, Perturbation Theory, Solar Neighborhood, Specific Heat, Stellar Mass, Astrophysics, COSMOLOGY, STARS: EVOLUTION, STARS: WHITE DWARFS},
         year = 1987,
        month = apr,
       volume = {315},
        pages = {L77},
          doi = {10.1086/184864},
       adsurl = {https://ui.adsabs.harvard.edu/abs/1987ApJ...315L..77W},
      adsnote = {Provided by the SAO/NASA Astrophysics Data System}
}

@ARTICLE{tremblay14,
       author = {{Tremblay}, P. -E. and {Kalirai}, J.~S. and {Soderblom}, D.~R. and {Cignoni}, M. and {Cummings}, J.},
        title = "{White Dwarf Cosmochronology in the Solar Neighborhood}",
      journal = {\apj},
     keywords = {Galaxy: disk, Galaxy: evolution, Galaxy: stellar content, solar neighborhood, white dwarfs, Astrophysics - Solar and Stellar Astrophysics, Astrophysics - Astrophysics of Galaxies},
         year = 2014,
        month = aug,
       volume = {791},
       number = {2},
          eid = {92},
        pages = {92},
          doi = {10.1088/0004-637X/791/2/92},
archivePrefix = {arXiv},
       eprint = {1406.5173},
 primaryClass = {astro-ph.SR},
       adsurl = {https://ui.adsabs.harvard.edu/abs/2014ApJ...791...92T},
      adsnote = {Provided by the SAO/NASA Astrophysics Data System}
}

@ARTICLE{koester82,
       author = {{Koester}, D. and {Weidemann}, V. and {Zeidler}, E. -M.},
        title = "{Atmospheric parameters and carbon abundance of white dwarfs of spectral types C2 and DC.}",
      journal = {\aap},
     keywords = {Abundance, Atmospheric Models, Carbon, Stellar Atmospheres, Stellar Spectra, White Dwarf Stars, Iue, Stellar Color, Stellar Mass, Stellar Models, Ubv Spectra, Astrophysics},
         year = 1982,
        month = dec,
       volume = {116},
        pages = {147-157},
       adsurl = {https://ui.adsabs.harvard.edu/abs/1982A&A...116..147K},
      adsnote = {Provided by the SAO/NASA Astrophysics Data System}
}

@ARTICLE{koester20,
       author = {{Koester}, D. and {Kepler}, S.~O. and {Irwin}, A.~W.},
        title = "{New white dwarf envelope models and diffusion. Application to DQ white dwarfs}",
      journal = {\aap},
     keywords = {white dwarfs, stars: carbon, stars: evolution, convection, diffusion, Astrophysics - Solar and Stellar Astrophysics},
         year = 2020,
        month = mar,
       volume = {635},
          eid = {A103},
        pages = {A103},
          doi = {10.1051/0004-6361/202037530},
archivePrefix = {arXiv},
       eprint = {2002.10170},
 primaryClass = {astro-ph.SR},
       adsurl = {https://ui.adsabs.harvard.edu/abs/2020A&A...635A.103K},
      adsnote = {Provided by the SAO/NASA Astrophysics Data System}
}

@ARTICLE{fontaine84,
       author = {{Fontaine}, G. and {Villeneuve}, B. and {Wesemael}, F. and {Wegner}, G.},
        title = "{Carbon in the cool DC and C2 white dwarfs - Dredge-up in compositionally stratified envelopes}",
      journal = {\apjl},
     keywords = {Abundance, Carbon Stars, Stellar Envelopes, Stellar Temperature, White Dwarf Stars, Helium, Stellar Spectrophotometry, Thermal Diffusion, Turbulence, Ultraviolet Spectra, Astrophysics},
         year = 1984,
        month = feb,
       volume = {277},
        pages = {L61-L64},
          doi = {10.1086/184203},
       adsurl = {https://ui.adsabs.harvard.edu/abs/1984ApJ...277L..61F},
      adsnote = {Provided by the SAO/NASA Astrophysics Data System}
}

@ARTICLE{blouin23,
       author = {{Blouin}, Simon and {B{\'e}dard}, Antoine and {Tremblay}, Pier-Emmanuel},
        title = "{Carbon dredge-up required to explain the Gaia white dwarf colour-magnitude bifurcation}",
      journal = {\mnras},
     keywords = {equation of state, stars: abundances, stars: atmospheres, white dwarfs, Astrophysics - Solar and Stellar Astrophysics, Astrophysics - Earth and Planetary Astrophysics},
         year = 2023,
        month = aug,
       volume = {523},
       number = {3},
        pages = {3363-3375},
          doi = {10.1093/mnras/stad1574},
archivePrefix = {arXiv},
       eprint = {2305.02827},
 primaryClass = {astro-ph.SR},
       adsurl = {https://ui.adsabs.harvard.edu/abs/2023MNRAS.523.3363B},
      adsnote = {Provided by the SAO/NASA Astrophysics Data System}
}

@article{pca,
    author = {Karl Pearson},
    title = {LIII. On lines and planes of closest fit to systems of points in space },
    journal = {The London, Edinburgh, and Dublin Philosophical Magazine and Journal of Science},
    volume = {2},
    number = {11},
    pages = {559--572},
    year = {1901},
    publisher = {Taylor \& Francis},
    doi = {10.1080/14786440109462720},
}

@ARTICLE{kao24,
       author = {{Kao}, Malia L. and {Hawkins}, Keith and {Rogers}, Laura K. and {Bonsor}, Amy and {Dunlap}, Bart H. and {Sanders}, Jason L. and {Montgomery}, M.~H. and {Winget}, D.~E.},
        title = "{Hunting for Polluted White Dwarfs and Other Treasures with Gaia XP Spectra and Unsupervised Machine Learning}",
      journal = {arXiv e-prints},
     keywords = {Astrophysics - Solar and Stellar Astrophysics, Astrophysics - Earth and Planetary Astrophysics, Computer Science - Machine Learning},
         year = 2024,
        month = may,
          eid = {arXiv:2405.17667},
        pages = {arXiv:2405.17667},
archivePrefix = {arXiv},
       eprint = {2405.17667},
 primaryClass = {astro-ph.SR},
       adsurl = {https://ui.adsabs.harvard.edu/abs/2024arXiv240517667K},
      adsnote = {Provided by the SAO/NASA Astrophysics Data System}
}

@ARTICLE{hawkins21,
       author = {{Hawkins}, Keith and {Zeimann}, Greg and {Sneden}, Chris and {Cooper}, Erin Mentuch and {Gebhardt}, Karl and {Bond}, Howard E. and {Carrillo}, Andreia and {Casey}, Caitlin M. and {Castanheira}, Barbara G. and {Ciardullo}, Robin and {Davis}, Dustin and {Farrow}, Daniel J. and {Finkelstein}, Steven L. and {Hill}, Gary J. and {Kelz}, Andreas and {Liu}, Chenxu and {Shetrone}, Matthew and {Schneider}, Donald P. and {Starkenburg}, Else and {Steinmetz}, Matthias and {Wheeler}, J. Craig and {Hetdex Collaboration}},
        title = "{The Stars of the HETDEX Survey. I. Radial Velocities and Metal-poor Stars from Low-resolution Stellar Spectra}",
      journal = {\apj},
     keywords = {Stellar types, Catalogs, Surveys, 1634, 205, 1671, Astrophysics - Astrophysics of Galaxies, Astrophysics - Solar and Stellar Astrophysics},
         year = 2021,
        month = apr,
       volume = {911},
       number = {2},
          eid = {108},
        pages = {108},
          doi = {10.3847/1538-4357/abe9bd},
archivePrefix = {arXiv},
       eprint = {2102.06224},
 primaryClass = {astro-ph.GA},
       adsurl = {https://ui.adsabs.harvard.edu/abs/2021ApJ...911..108H},
      adsnote = {Provided by the SAO/NASA Astrophysics Data System}
}

@ARTICLE{gebhardt21,
       author = {{Gebhardt}, Karl and {Mentuch Cooper}, Erin and {Ciardullo}, Robin and {Acquaviva}, Viviana and {Bender}, Ralf and {Bowman}, William P. and {Castanheira}, Barbara G. and {Dalton}, Gavin and {Davis}, Dustin and {de Jong}, Roelof S. and {DePoy}, D.~L. and {Devarakonda}, Yaswant and {Dongsheng}, Sun and {Drory}, Niv and {Fabricius}, Maximilian and {Farrow}, Daniel J. and {Feldmeier}, John and {Finkelstein}, Steven L. and {Froning}, Cynthia S. and {Gawiser}, Eric and {Gronwall}, Caryl and {Herold}, Laura and {Hill}, Gary J. and {Hopp}, Ulrich and {House}, Lindsay R. and {Janowiecki}, Steven and {Jarvis}, Matthew and {Jeong}, Donghui and {Jogee}, Shardha and {Kakuma}, Ryota and {Kelz}, Andreas and {Kollatschny}, W. and {Komatsu}, Eiichiro and {Krumpe}, Mirko and {Landriau}, Martin and {Liu}, Chenxu and {Niemeyer}, Maja Lujan and {MacQueen}, Phillip and {Marshall}, Jennifer and {Mawatari}, Ken and {McLinden}, Emily M. and {Mukae}, Shiro and {Nagaraj}, Gautam and {Ono}, Yoshiaki and {Ouchi}, Masami and {Papovich}, Casey and {Sakai}, Nao and {Saito}, Shun and {Schneider}, Donald P. and {Schulze}, Andreas and {Shanmugasundararaj}, Khavvia and {Shetrone}, Matthew and {Sneden}, Chris and {Snigula}, Jan and {Steinmetz}, Matthias and {Thomas}, Benjamin P. and {Thomas}, Brianna and {Tuttle}, Sarah and {Urrutia}, Tanya and {Wisotzki}, Lutz and {Wold}, Isak and {Zeimann}, Gregory and {Zhang}, Yechi},
        title = "{The Hobby-Eberly Telescope Dark Energy Experiment (HETDEX) Survey Design, Reductions, and Detections}",
      journal = {\apj},
     keywords = {351, Astrophysics - Instrumentation and Methods for Astrophysics, Astrophysics - Cosmology and Nongalactic Astrophysics, Astrophysics - Astrophysics of Galaxies},
         year = 2021,
        month = dec,
       volume = {923},
       number = {2},
          eid = {217},
        pages = {217},
          doi = {10.3847/1538-4357/ac2e03},
archivePrefix = {arXiv},
       eprint = {2110.04298},
 primaryClass = {astro-ph.IM},
       adsurl = {https://ui.adsabs.harvard.edu/abs/2021ApJ...923..217G},
      adsnote = {Provided by the SAO/NASA Astrophysics Data System}
}

@ARTICLE{steinmetz06,
       author = {{Steinmetz}, M. and {Zwitter}, T. and {Siebert}, A. and {Watson}, F.~G. and {Freeman}, K.~C. and {Munari}, U. and {Campbell}, R. and {Williams}, M. and {Seabroke}, G.~M. and {Wyse}, R.~F.~G. and {Parker}, Q.~A. and {Bienaym{\'e}}, O. and {Roeser}, S. and {Gibson}, B.~K. and {Gilmore}, G. and {Grebel}, E.~K. and {Helmi}, A. and {Navarro}, J.~F. and {Burton}, D. and {Cass}, C.~J.~P. and {Dawe}, J.~A. and {Fiegert}, K. and {Hartley}, M. and {Russell}, K.~S. and {Saunders}, W. and {Enke}, H. and {Bailin}, J. and {Binney}, J. and {Bland-Hawthorn}, J. and {Boeche}, C. and {Dehnen}, W. and {Eisenstein}, D.~J. and {Evans}, N.~W. and {Fiorucci}, M. and {Fulbright}, J.~P. and {Gerhard}, O. and {Jauregi}, U. and {Kelz}, A. and {Mijovi{\'c}}, L. and {Minchev}, I. and {Parmentier}, G. and {Pe{\~n}arrubia}, J. and {Quillen}, A.~C. and {Read}, M.~A. and {Ruchti}, G. and {Scholz}, R. -D. and {Siviero}, A. and {Smith}, M.~C. and {Sordo}, R. and {Veltz}, L. and {Vidrih}, S. and {von Berlepsch}, R. and {Boyle}, B.~J. and {Schilbach}, E.},
        title = "{The Radial Velocity Experiment (RAVE): First Data Release}",
      journal = {\aj},
     keywords = {Catalogs, Stars: Fundamental Parameters, Surveys, Astrophysics},
         year = 2006,
        month = oct,
       volume = {132},
       number = {4},
        pages = {1645-1668},
          doi = {10.1086/506564},
archivePrefix = {arXiv},
       eprint = {astro-ph/0606211},
 primaryClass = {astro-ph},
       adsurl = {https://ui.adsabs.harvard.edu/abs/2006AJ....132.1645S},
      adsnote = {Provided by the SAO/NASA Astrophysics Data System}
}

@ARTICLE{matijevic12,
       author = {{Matijevi{\v{c}}}, G. and {Zwitter}, T. and {Bienaym{\'e}}, O. and {Bland-Hawthorn}, J. and {Boeche}, C. and {Freeman}, K.~C. and {Gibson}, B.~K. and {Gilmore}, G. and {Grebel}, E.~K. and {Helmi}, A. and {Munari}, U. and {Navarro}, J. and {Parker}, Q.~A. and {Reid}, W. and {Seabroke}, G. and {Siebert}, A. and {Siviero}, A. and {Steinmetz}, M. and {Watson}, F.~G. and {Williams}, M. and {Wyse}, R.~F.~G.},
        title = "{Exploring the Morphology of RAVE Stellar Spectra}",
      journal = {\apjs},
     keywords = {methods: numerical, stars: peculiar, techniques: spectroscopic, Astrophysics - Solar and Stellar Astrophysics},
         year = 2012,
        month = jun,
       volume = {200},
       number = {2},
          eid = {14},
        pages = {14},
          doi = {10.1088/0067-0049/200/2/14},
archivePrefix = {arXiv},
       eprint = {1204.6502},
 primaryClass = {astro-ph.SR},
       adsurl = {https://ui.adsabs.harvard.edu/abs/2012ApJS..200...14M},
      adsnote = {Provided by the SAO/NASA Astrophysics Data System}
}

@ARTICLE{matijevic17,
       author = {{Matijevi{\v{c}}}, G. and {Chiappini}, C. and {Grebel}, E.~K. and {Wyse}, R.~F.~G. and {Zwitter}, T. and {Bienaym{\'e}}, O. and {Bland-Hawthorn}, J. and {Freeman}, K.~C. and {Gibson}, B.~K. and {Gilmore}, G. and {Helmi}, A. and {Kordopatis}, G. and {Kunder}, A. and {Munari}, U. and {Navarro}, J.~F. and {Parker}, Q.~A. and {Reid}, W. and {Seabroke}, G. and {Siviero}, A. and {Steinmetz}, M. and {Watson}, F.},
        title = "{Very metal-poor stars observed by the RAVE survey}",
      journal = {\aap},
     keywords = {Galaxy: abundances, stars: abundances, methods: data analysis, Astrophysics - Solar and Stellar Astrophysics, Astrophysics - Astrophysics of Galaxies},
         year = 2017,
        month = jul,
       volume = {603},
          eid = {A19},
        pages = {A19},
          doi = {10.1051/0004-6361/201730417},
archivePrefix = {arXiv},
       eprint = {1704.05695},
 primaryClass = {astro-ph.SR},
       adsurl = {https://ui.adsabs.harvard.edu/abs/2017A&A...603A..19M},
      adsnote = {Provided by the SAO/NASA Astrophysics Data System}
}


@ARTICLE{roweis00,
       author = {{Roweis}, Sam T. and {Saul}, Lawrence K.},
        title = "{Nonlinear Dimensionality Reduction by Locally Linear Embedding}",
      journal = {Science},
     keywords = {COMP/MATH},
         year = 2000,
        month = dec,
       volume = {290},
       number = {5500},
        pages = {2323-2326},
          doi = {10.1126/science.290.5500.2323},
       adsurl = {https://ui.adsabs.harvard.edu/abs/2000Sci...290.2323R},
      adsnote = {Provided by the SAO/NASA Astrophysics Data System}
}

@ARTICLE{ward16,
       author = {{Ward}, J.~L. and {Lumsden}, S.~L.},
        title = "{Locally linear embedding: dimension reduction of massive protostellar spectra}",
      journal = {\mnras},
     keywords = {methods: data analysis, stars: protostars, infrared: stars, Astrophysics - Instrumentation and Methods for Astrophysics, Astrophysics - Solar and Stellar Astrophysics},
         year = 2016,
        month = sep,
       volume = {461},
       number = {2},
        pages = {2250-2256},
          doi = {10.1093/mnras/stw1510},
archivePrefix = {arXiv},
       eprint = {1606.06915},
 primaryClass = {astro-ph.IM},
       adsurl = {https://ui.adsabs.harvard.edu/abs/2016MNRAS.461.2250W},
      adsnote = {Provided by the SAO/NASA Astrophysics Data System}
}

@ARTICLE{manser24,
       author = {{Manser}, Christopher J. and {Izquierdo}, Paula and {G{\"a}nsicke}, Boris T. and {Swan}, Andrew and {Koester}, Detlev and {Robert}, Akshay and {Xu}, Siyi and {Inight}, Keith and {Amroota}, Ben and {Gentile Fusillo}, N.~P. and {Koposov}, Sergey E. and {Kim}, Bokyoung and {Dey}, Arjun and {Allende Prieto}, Carlos and {Aguilar}, J. and {Ahlen}, S. and {Blum}, R. and {Brooks}, D. and {Claybaugh}, T. and {Cooper}, A.~P. and {Dawson}, K. and {de la Macorra}, A. and {Doel}, P. and {Forero-Romero}, J.~E. and {Gazta{\~n}aga}, E. and {Gontcho}, S. Gontcho A and {Honscheid}, K. and {Kisner}, T. and {Kremin}, A. and {Lambert}, A. and {Landriau}, M. and {Le Guillou}, L. and {Levi}, Michael E. and {Li}, T.~S. and {Meisner}, A. and {Miquel}, R. and {Moustakas}, J. and {Nie}, J. and {Palanque-Delabrouille}, N. and {Percival}, W.~J. and {Poppett}, C. and {Prada}, F. and {Rezaie}, M. and {Rossi}, G. and {Sanchez}, E. and {Schlafly}, E.~F. and {Schlegel}, D. and {Schubnell}, M. and {Seo}, H. and {Silber}, J. and {Tarl{\'e}}, G. and {Weaver}, B.~A. and {Zhou}, Z. and {Zou}, H.},
        title = "{The DESI Early Data Release White Dwarf Catalogue}",
      journal = {arXiv e-prints},
     keywords = {Astrophysics - Solar and Stellar Astrophysics, Astrophysics - Earth and Planetary Astrophysics, Astrophysics - Astrophysics of Galaxies, Astrophysics - Instrumentation and Methods for Astrophysics},
         year = 2024,
        month = feb,
          eid = {arXiv:2402.18641},
        pages = {arXiv:2402.18641},
          doi = {10.48550/arXiv.2402.18641},
archivePrefix = {arXiv},
       eprint = {2402.18641},
 primaryClass = {astro-ph.SR},
       adsurl = {https://ui.adsabs.harvard.edu/abs/2024arXiv240218641M},
      adsnote = {Provided by the SAO/NASA Astrophysics Data System}
}

@ARTICLE{cooper23,
       author = {{Cooper}, Andrew P. and {Koposov}, Sergey E. and {Allende Prieto}, Carlos and {Manser}, Christopher J. and {Kizhuprakkat}, Namitha and {Myers}, Adam D. and {Dey}, Arjun and {G{\"a}nsicke}, Boris T. and {Li}, Ting S. and {Rockosi}, Constance and {Valluri}, Monica and {Najita}, Joan and {Deason}, Alis and {Raichoor}, Anand and {Wang}, M. -Y. and {Ting}, Y. -S. and {Kim}, Bokyoung and {Carrillo}, Andreia and {Wang}, Wenting and {Beraldo e Silva}, Leandro and {Han}, Jiwon Jesse and {Ding}, Jiani and {S{\'a}nchez-Conde}, Miguel and {Aguilar}, Jessica N. and {Ahlen}, Steven and {Bailey}, Stephen and {Belokurov}, Vasily and {Brooks}, David and {Cunha}, Katia and {Dawson}, Kyle and {de la Macorra}, Axel and {Doel}, Peter and {Eisenstein}, Daniel J. and {Fagrelius}, Parker and {Fanning}, Kevin and {Font-Ribera}, Andreu and {Forero-Romero}, Jaime E. and {Gazta{\~n}aga}, Enrique and {Gontcho a Gontcho}, Satya and {Guy}, Julien and {Honscheid}, Klaus and {Kehoe}, Robert and {Kisner}, Theodore and {Kremin}, Anthony and {Landriau}, Martin and {Levi}, Michael E. and {Martini}, Paul and {Meisner}, Aaron M. and {Miquel}, Ramon and {Moustakas}, John and {Nie}, Jundan J.~D. and {Palanque-Delabrouille}, Nathalie and {Percival}, Will J. and {Poppett}, Claire and {Prada}, Francisco and {Rehemtulla}, Nabeel and {Schlafly}, Edward and {Schlegel}, David and {Schubnell}, Michael and {Sharples}, Ray M. and {Tarl{\'e}}, Gregory and {Wechsler}, Risa H. and {Weinberg}, David H. and {Zhou}, Zhimin and {Zou}, Hu},
        title = "{Overview of the DESI Milky Way Survey}",
      journal = {\apj},
     keywords = {Milky Way stellar halo, Dwarf galaxies, Milky Way evolution, Milky Way Galaxy, Milky Way dark matter halo, Milky Way dynamics, Surveys, Milky Way Galaxy physics, Spectroscopy, Radial velocity, Stellar abundances, Galaxy formation, 1060, 416, 1052, 1054, 1049, 1051, 1671, 1056, 1558, 1332, 1577, 595, Astrophysics - Astrophysics of Galaxies, Astrophysics - Cosmology and Nongalactic Astrophysics},
         year = 2023,
        month = apr,
       volume = {947},
       number = {1},
          eid = {37},
        pages = {37},
          doi = {10.3847/1538-4357/acb3c0},
archivePrefix = {arXiv},
       eprint = {2208.08514},
 primaryClass = {astro-ph.GA},
       adsurl = {https://ui.adsabs.harvard.edu/abs/2023ApJ...947...37C},
      adsnote = {Provided by the SAO/NASA Astrophysics Data System}
}

@ARTICLE{vincent23,
       author = {{Vincent}, Olivier and {Bergeron}, P. and {Dufour}, P.},
        title = "{Data-driven selection and spectral classification of white dwarf stars}",
      journal = {\mnras},
     keywords = {methods: data analysis, catalogues, surveys, white dwarfs, Astrophysics - Solar and Stellar Astrophysics, Astrophysics - Instrumentation and Methods for Astrophysics},
         year = 2023,
        month = may,
       volume = {521},
       number = {1},
        pages = {760-771},
          doi = {10.1093/mnras/stad580},
archivePrefix = {arXiv},
       eprint = {2301.05209},
 primaryClass = {astro-ph.SR},
       adsurl = {https://ui.adsabs.harvard.edu/abs/2023MNRAS.521..760V},
      adsnote = {Provided by the SAO/NASA Astrophysics Data System}
}


@ARTICLE{vincent24,
       author = {{Vincent}, O. and {Barstow}, M.~A. and {Jordan}, S. and {Mander}, C. and {Bergeron}, P. and {Dufour}, P.},
        title = "{Classification and parameterization of a large Gaia sample of white dwarfs using XP spectra}",
      journal = {\aap},
     keywords = {techniques: spectroscopic, stars: fundamental parameters, white dwarfs, Astrophysics - Solar and Stellar Astrophysics},
         year = 2024,
        month = feb,
       volume = {682},
          eid = {A5},
        pages = {A5},
          doi = {10.1051/0004-6361/202347694},
archivePrefix = {arXiv},
       eprint = {2308.05572},
 primaryClass = {astro-ph.SR},
       adsurl = {https://ui.adsabs.harvard.edu/abs/2024A&A...682A...5V},
      adsnote = {Provided by the SAO/NASA Astrophysics Data System}
}

@article{friedman01,
  title={Greedy function approximation: a gradient boosting machine},
  author={Friedman, Jerome H},
  journal={Annals of statistics},
  pages={1189--1232},
  year={2001},
  publisher={JSTOR}
}

@ARTICLE{yang20,
       author = {{Yang}, Yong and {Zhao}, Jingkun and {Zhang}, Jiajun and {Ye}, Xianhao and {Zhao}, Gang},
        title = "{Estimating Atmospheric Parameters of DA White Dwarf Stars with Deep Learning}",
      journal = {\aj},
     keywords = {DA stars, Spectroscopy, Astronomy data analysis, 348, 1558, 1858, Astrophysics - Instrumentation and Methods for Astrophysics},
         year = 2020,
        month = nov,
       volume = {160},
       number = {5},
          eid = {236},
        pages = {236},
          doi = {10.3847/1538-3881/abbdaa},
archivePrefix = {arXiv},
       eprint = {2010.00905},
 primaryClass = {astro-ph.IM},
       adsurl = {https://ui.adsabs.harvard.edu/abs/2020AJ....160..236Y},
      adsnote = {Provided by the SAO/NASA Astrophysics Data System}
}

@inproceedings{he16,
  title={Deep residual learning for image recognition},
  author={He, Kaiming and Zhang, Xiangyu and Ren, Shaoqing and Sun, Jian},
  booktitle={Proceedings of the IEEE conference on computer vision and pattern recognition},
  pages={770--778},
  year={2016}
}

@ARTICLE{tan23,
       author = {{Tan}, Lei and {Liu}, Zhicun and {Wang}, Feng and {Mei}, Ying and {Deng}, Hui and {Liu}, Chao},
        title = "{A White Dwarf Search Model Based on a Deep Transfer-learning Method}",
      journal = {\apjs},
     keywords = {Convolutional neural networks, White dwarf stars, Stellar classification, Stellar types, 1938, 1799, 1589, 1634},
         year = 2023,
        month = sep,
       volume = {268},
       number = {1},
          eid = {28},
        pages = {28},
          doi = {10.3847/1538-4365/ace77a},
       adsurl = {https://ui.adsabs.harvard.edu/abs/2023ApJS..268...28T},
      adsnote = {Provided by the SAO/NASA Astrophysics Data System}
}


@ARTICLE{lecun15,
       author = {{LeCun}, Yann and {Bengio}, Yoshua and {Hinton}, Geoffrey},
        title = "{Deep learning}",
      journal = {\nat},
         year = 2015,
        month = may,
       volume = {521},
       number = {7553},
        pages = {436-444},
          doi = {10.1038/nature14539},
       adsurl = {https://ui.adsabs.harvard.edu/abs/2015Natur.521..436L},
      adsnote = {Provided by the SAO/NASA Astrophysics Data System}
}

@article{lecun98,
  title={Gradient-based learning applied to document recognition},
  author={LeCun, Yann and Bottou, L{\'e}on and Bengio, Yoshua and Haffner, Patrick},
  journal={Proceedings of the IEEE},
  volume={86},
  number={11},
  pages={2278--2324},
  year={1998},
  publisher={Ieee}
}

@ARTICLE{lamost,
       author = {{Cui}, Xiang-Qun and {Zhao}, Yong-Heng and {Chu}, Yao-Quan and {Li}, Guo-Ping and {Li}, Qi and {Zhang}, Li-Ping and {Su}, Hong-Jun and {Yao}, Zheng-Qiu and {Wang}, Ya-Nan and {Xing}, Xiao-Zheng and {Li}, Xin-Nan and {Zhu}, Yong-Tian and {Wang}, Gang and {Gu}, Bo-Zhong and {Luo}, A. -Li and {Xu}, Xin-Qi and {Zhang}, Zhen-Chao and {Liu}, Gen-Rong and {Zhang}, Hao-Tong and {Yang}, De-Hua and {Cao}, Shu-Yun and {Chen}, Hai-Yuan and {Chen}, Jian-Jun and {Chen}, Kun-Xin and {Chen}, Ying and {Chu}, Jia-Ru and {Feng}, Lei and {Gong}, Xue-Fei and {Hou}, Yong-Hui and {Hu}, Hong-Zhuan and {Hu}, Ning-Sheng and {Hu}, Zhong-Wen and {Jia}, Lei and {Jiang}, Fang-Hua and {Jiang}, Xiang and {Jiang}, Zi-Bo and {Jin}, Ge and {Li}, Ai-Hua and {Li}, Yan and {Li}, Ye-Ping and {Liu}, Guan-Qun and {Liu}, Zhi-Gang and {Lu}, Wen-Zhi and {Mao}, Yin-Dun and {Men}, Li and {Qi}, Yong-Jun and {Qi}, Zhao-Xiang and {Shi}, Huo-Ming and {Tang}, Zheng-Hong and {Tao}, Qing-Sheng and {Wang}, Da-Qi and {Wang}, Dan and {Wang}, Guo-Min and {Wang}, Hai and {Wang}, Jia-Ning and {Wang}, Jian and {Wang}, Jian-Ling and {Wang}, Jian-Ping and {Wang}, Lei and {Wang}, Shu-Qing and {Wang}, You and {Wang}, Yue-Fei and {Xu}, Ling-Zhe and {Xu}, Yan and {Yang}, Shi-Hai and {Yu}, Yong and {Yuan}, Hui and {Yuan}, Xiang-Yan and {Zhai}, Chao and {Zhang}, Jing and {Zhang}, Yan-Xia and {Zhang}, Yong and {Zhao}, Ming and {Zhou}, Fang and {Zhou}, Guo-Hua and {Zhu}, Jie and {Zou}, Si-Cheng},
        title = "{The Large Sky Area Multi-Object Fiber Spectroscopic Telescope (LAMOST)}",
      journal = {Research in Astronomy and Astrophysics},
         year = 2012,
        month = sep,
       volume = {12},
       number = {9},
        pages = {1197-1242},
          doi = {10.1088/1674-4527/12/9/003},
       adsurl = {https://ui.adsabs.harvard.edu/abs/2012RAA....12.1197C},
      adsnote = {Provided by the SAO/NASA Astrophysics Data System}
}


@article{pan09,
  title={A survey on transfer learning},
  author={Pan, Sinno Jialin and Yang, Qiang},
  journal={IEEE Transactions on knowledge and data engineering},
  volume={22},
  number={10},
  pages={1345--1359},
  year={2009},
  publisher={IEEE}
}

@ARTICLE{garciazamora23,
       author = {{Garc{\'\i}a-Zamora}, Enrique Miguel and {Torres}, Santiago and {Rebassa-Mansergas}, Alberto},
        title = "{White dwarf Random Forest classification through Gaia spectral coefficients}",
      journal = {\aap},
     keywords = {white dwarfs, stars: atmospheres, Hertzsprung-Russell and C-M diagrams, catalogs, Astrophysics - Solar and Stellar Astrophysics, Astrophysics - Astrophysics of Galaxies, Astrophysics - Instrumentation and Methods for Astrophysics},
         year = 2023,
        month = nov,
       volume = {679},
          eid = {A127},
        pages = {A127},
          doi = {10.1051/0004-6361/202347601},
archivePrefix = {arXiv},
       eprint = {2308.07090},
 primaryClass = {astro-ph.SR},
       adsurl = {https://ui.adsabs.harvard.edu/abs/2023A&A...679A.127G},
      adsnote = {Provided by the SAO/NASA Astrophysics Data System}
}

@article{breiman01,
  title={Random forests},
  author={Breiman, Leo},
  journal={Machine learning},
  volume={45},
  pages={5--32},
  year={2001},
  publisher={Springer}
}

@ARTICLE{frenay14,
  author={Frenay, Benoit and Verleysen, Michel},
  journal={IEEE Transactions on Neural Networks and Learning Systems}, 
  title={Classification in the Presence of Label Noise: A Survey}, 
  year={2014},
  volume={25},
  number={5},
  pages={845-869},
  keywords={Noise;Labeling;Training;Noise measurement;Taxonomy;Reliability;Context;Class noise;classification;label noise;mislabeling;robust methods;survey.;Class noise;classification;label noise;mislabeling;robust methods;survey},
  doi={10.1109/TNNLS.2013.2292894}
}

@article{he09,
  title={Learning from imbalanced data},
  author={He, Haibo and Garcia, Edwardo A},
  journal={IEEE Transactions on knowledge and data engineering},
  volume={21},
  number={9},
  pages={1263--1284},
  year={2009},
  publisher={Ieee}
}

@article{johnson19,
  title={Survey on deep learning with class imbalance},
  author={Johnson, Justin M and Khoshgoftaar, Taghi M},
  journal={Journal of Big Data},
  volume={6},
  number={1},
  pages={1--54},
  year={2019},
  publisher={Springer}
}

@ARTICLE{abareshi22,
       author = {{DESI Collaboration} and {Abareshi}, B. and {Aguilar}, J. and {Ahlen}, S. and {Alam}, Shadab and {Alexander}, David M. and {Alfarsy}, R. and {Allen}, L. and {Allende Prieto}, C. and {Alves}, O. and {Ameel}, J. and {Armengaud}, E. and {Asorey}, J. and {Aviles}, Alejandro and {Bailey}, S. and {Balaguera-Antol{\'\i}nez}, A. and {Ballester}, O. and {Baltay}, C. and {Bault}, A. and {Beltran}, S.~F. and {Benavides}, B. and {BenZvi}, S. and {Berti}, A. and {Besuner}, R. and {Beutler}, Florian and {Bianchi}, D. and {Blake}, C. and {Blanc}, P. and {Blum}, R. and {Bolton}, A. and {Bose}, S. and {Bramall}, D. and {Brieden}, S. and {Brodzeller}, A. and {Brooks}, D. and {Brownewell}, C. and {Buckley-Geer}, E. and {Cahn}, R.~N. and {Cai}, Z. and {Canning}, R. and {Capasso}, R. and {Carnero Rosell}, A. and {Carton}, P. and {Casas}, R. and {Castander}, F.~J. and {Cervantes-Cota}, J.~L. and {Chabanier}, S. and {Chaussidon}, E. and {Chuang}, C. and {Circosta}, C. and {Cole}, S. and {Cooper}, A.~P. and {da Costa}, L. and {Cousinou}, M. -C. and {Cuceu}, A. and {Davis}, T.~M. and {Dawson}, K. and {de la Cruz-Noriega}, R. and {de la Macorra}, A. and {de Mattia}, A. and {Della Costa}, J. and {Demmer}, P. and {Derwent}, M. and {Dey}, A. and {Dey}, B. and {Dhungana}, G. and {Ding}, Z. and {Dobson}, C. and {Doel}, P. and {Donald-McCann}, J. and {Donaldson}, J. and {Douglass}, K. and {Duan}, Y. and {Dunlop}, P. and {Edelstein}, J. and {Eftekharzadeh}, S. and {Eisenstein}, D.~J. and {Enriquez-Vargas}, M. and {Escoffier}, S. and {Evatt}, M. and {Fagrelius}, P. and {Fan}, X. and {Fanning}, K. and {Fawcett}, V.~A. and {Ferraro}, S. and {Ereza}, J. and {Flaugher}, B. and {Font-Ribera}, A. and {Forero-Romero}, J.~E. and {Frenk}, C.~S. and {Fromenteau}, S. and {G{\"a}nsicke}, B.~T. and {Garcia-Quintero}, C. and {Garrison}, L. and {Gazta{\~n}aga}, E. and {Gerardi}, F. and {Gil-Mar{\'\i}n}, H. and {Gontcho a Gontcho}, S. and {Gonzalez-Morales}, Alma X. and {Gonzalez-de-Rivera}, G. and {Gonzalez-Perez}, V. and {Gordon}, C. and {Graur}, O. and {Green}, D. and {Grove}, C. and {Gruen}, D. and {Gutierrez}, G. and {Guy}, J. and {Hahn}, C. and {Harris}, S. and {Herrera}, D. and {Herrera-Alcantar}, Hiram K. and {Honscheid}, K. and {Howlett}, C. and {Huterer}, D. and {Ir{\v{s}}i{\v{c}}}, V. and {Ishak}, M. and {Jelinsky}, P. and {Jiang}, L. and {Jimenez}, J. and {Jing}, Y.~P. and {Joyce}, R. and {Jullo}, E. and {Juneau}, S. and {Kara{\c{c}}ayl{\i}}, N.~G. and {Karamanis}, M. and {Karcher}, A. and {Karim}, T. and {Kehoe}, R. and {Kent}, S. and {Kirkby}, D. and {Kisner}, T. and {Kitaura}, F. and {Koposov}, S.~E. and {Kov{\'a}cs}, A. and {Kremin}, A. and {Krolewski}, Alex and {L'Huillier}, B. and {Lahav}, O. and {Lambert}, A. and {Lamman}, C. and {Lan}, Ting-Wen and {Landriau}, M. and {Lane}, S. and {Lang}, D. and {Lange}, J.~U. and {Lasker}, J. and {Le Guillou}, L. and {Leauthaud}, A. and {Le Van Suu}, A. and {Levi}, Michael E. and {Li}, T.~S. and {Magneville}, C. and {Manera}, M. and {Manser}, Christopher J. and {Marshall}, B. and {Martini}, Paul and {McCollam}, W. and {McDonald}, P. and {Meisner}, Aaron M. and {Mena-Fern{\'a}ndez}, J. and {Meneses-Rizo}, J. and {Mezcua}, M. and {Miller}, T. and {Miquel}, R. and {Montero-Camacho}, P. and {Moon}, J. and {Moustakas}, J. and {Mueller}, E. and {Mu{\~n}oz-Guti{\'e}rrez}, Andrea and {Myers}, Adam D. and {Nadathur}, S. and {Najita}, J. and {Napolitano}, L. and {Neilsen}, E. and {Newman}, Jeffrey A. and {Nie}, J.~D. and {Ning}, Y. and {Niz}, G. and {Norberg}, P. and {Noriega}, Hern{\'a}n E. and {O'Brien}, T. and {Obuljen}, A. and {Palanque-Delabrouille}, N. and {Palmese}, A. and {Zhiwei}, P. and {Pappalardo}, D. and {PENG}, X. and {Percival}, W.~J. and {Perruchot}, S. and {Pogge}, R. and {Poppett}, C. and {Porredon}, A. and {Prada}, F. and {Prochaska}, J. and {Pucha}, R. and {P{\'e}rez-Fern{\'a}ndez}, A. and {P{\'e}rez-R{\`a}fols}, I. and {Rabinowitz}, D. and {Raichoor}, A. and {Ramirez-Solano}, S. and {Ram{\'\i}rez-P{\'e}rez}, C{\'e}sar and {Ravoux}, C. and {Reil}, K. and {Rezaie}, M. and {Rocher}, A. and {Rockosi}, C. and {Roe}, N.~A. and {Roodman}, A. and {Ross}, A.~J. and {Rossi}, G. and {Ruggeri}, R. and {Ruhlmann-Kleider}, V. and {Sabiu}, C.~G. and {Safonova}, S. and {Said}, K. and {Saintonge}, A. and {Salas Catonga}, Javier and {Samushia}, L. and {Sanchez}, E. and {Saulder}, C. and {Schaan}, E. and {Schlafly}, E. and {Schlegel}, D. and {Schmoll}, J. and {Scholte}, D. and {Schubnell}, M. and {Secroun}, A. and {Seo}, H. and {Serrano}, S. and {Sharples}, Ray M. and {Sholl}, Michael J. and {Silber}, Joseph Harry and {Silva}, D.~R. and {Sirk}, M. and {Siudek}, M. and {Smith}, A. and {Sprayberry}, D. and {Staten}, R. and {Stupak}, B. and {Tan}, T. and {Tarl{\'e}}, Gregory and {Tie}, Suk Sien and {Tojeiro}, R. and {Ure{\~n}a-L{\'o}pez}, L.~A. and {Valdes}, F. and {Valenzuela}, O. and {Valluri}, M. and {Vargas-Maga{\~n}a}, M. and {Verde}, L. and {Walther}, M. and {Wang}, B. and {Wang}, M.~S. and {Weaver}, B.~A. and {Weaverdyck}, C. and {Wechsler}, R. and {Wilson}, Michael J. and {Yang}, J. and {Yu}, Y. and {Yuan}, S. and {Y{\`e}che}, Christophe and {Zhang}, H. and {Zhang}, K. and {Zhao}, Cheng and {Zhou}, Rongpu and {Zhou}, Zhimin and {Zou}, H. and {Zou}, J. and {Zou}, S. and {Zu}, Y. and {DESI Collaboration}},
        title = "{Overview of the Instrumentation for the Dark Energy Spectroscopic Instrument}",
      journal = {\aj},
     keywords = {Dark energy, Spectroscopy, Astronomical instrumentation, Spectrometers, Optical telescopes, 351, 1558, 799, 1554, 1174, Astrophysics - Instrumentation and Methods for Astrophysics, Astrophysics - Cosmology and Nongalactic Astrophysics},
         year = 2022,
        month = nov,
       volume = {164},
       number = {5},
          eid = {207},
        pages = {207},
          doi = {10.3847/1538-3881/ac882b},
archivePrefix = {arXiv},
       eprint = {2205.10939},
 primaryClass = {astro-ph.IM},
       adsurl = {https://ui.adsabs.harvard.edu/abs/2022AJ....164..207D},
      adsnote = {Provided by the SAO/NASA Astrophysics Data System}
}

@ARTICLE{sklearn,
       author = {{Pedregosa}, Fabian and {Varoquaux}, Ga{\"e}l and {Gramfort}, Alexandre and {Michel}, Vincent and {Thirion}, Bertrand and {Grisel}, Olivier and {Blondel}, Mathieu and {M{\"u}ller}, Andreas and {Nothman}, Joel and {Louppe}, Gilles and {Prettenhofer}, Peter and {Weiss}, Ron and {Dubourg}, Vincent and {Vanderplas}, Jake and {Passos}, Alexandre and {Cournapeau}, David and {Brucher}, Matthieu and {Perrot}, Matthieu and {Duchesnay}, {\'E}douard},
        title = "{Scikit-learn: Machine Learning in Python}",
      journal = {Journal of Machine Learning Research},
     keywords = {Python, supervised learning, unsupervised learning, model selection, Computer Science - Machine Learning, Computer Science - Mathematical Software},
         year = 2011,
        month = oct,
       volume = {12},
        pages = {2825-2830},
          doi = {10.48550/arXiv.1201.0490},
archivePrefix = {arXiv},
       eprint = {1201.0490},
 primaryClass = {cs.LG},
       adsurl = {https://ui.adsabs.harvard.edu/abs/2011JMLR...12.2825P},
      adsnote = {Provided by the SAO/NASA Astrophysics Data System}
}

@ARTICLE{gentilefusillo19,
       author = {{Gentile Fusillo}, Nicola Pietro and {Tremblay}, Pier-Emmanuel and {G{\"a}nsicke}, Boris T. and {Manser}, Christopher J. and {Cunningham}, Tim and {Cukanovaite}, Elena and {Hollands}, Mark and {Marsh}, Thomas and {Raddi}, Roberto and {Jordan}, Stefan and {Toonen}, Silvia and {Geier}, Stephan and {Barstow}, Martin and {Cummings}, Jeffrey D.},
        title = "{A Gaia Data Release 2 catalogue of white dwarfs and a comparison with SDSS}",
      journal = {\mnras},
     keywords = {catalogues, surveys, white dwarfs, Astrophysics - Solar and Stellar Astrophysics},
         year = 2019,
        month = feb,
       volume = {482},
       number = {4},
        pages = {4570-4591},
          doi = {10.1093/mnras/sty3016},
archivePrefix = {arXiv},
       eprint = {1807.03315},
 primaryClass = {astro-ph.SR},
       adsurl = {https://ui.adsabs.harvard.edu/abs/2019MNRAS.482.4570G},
      adsnote = {Provided by the SAO/NASA Astrophysics Data System}
}

@ARTICLE{gentilefusillo15,
       author = {{Gentile Fusillo}, Nicola Pietro and {G{\"a}nsicke}, Boris T. and {Greiss}, Sandra},
        title = "{A photometric selection of white dwarf candidates in Sloan Digital Sky Survey Data Release 10}",
      journal = {\mnras},
     keywords = {catalogues, surveys, white dwarfs},
         year = 2015,
        month = apr,
       volume = {448},
       number = {3},
        pages = {2260-2274},
          doi = {10.1093/mnras/stv120},
       adsurl = {https://ui.adsabs.harvard.edu/abs/2015MNRAS.448.2260G},
      adsnote = {Provided by the SAO/NASA Astrophysics Data System}
}

@ARTICLE{unglaub00,
       author = {{Unglaub}, K. and {Bues}, I.},
        title = "{The chemical evolution of hot white dwarfs in the presence of diffusion and mass loss}",
      journal = {\aap},
     keywords = {STARS: ABUNDANCES, STARS: EVOLUTION, DIFFUSION, STARS: WHITE DWARFS},
         year = 2000,
        month = jul,
       volume = {359},
        pages = {1042-1058},
       adsurl = {https://ui.adsabs.harvard.edu/abs/2000A&A...359.1042U},
      adsnote = {Provided by the SAO/NASA Astrophysics Data System}
}

@ARTICLE{werner96,
       author = {{Werner}, K.},
        title = "{Search for trace amounts of hydrogen in hot DO white dwarfs.}",
      journal = {\aap},
     keywords = {STARS: INDIVIDUAL: PG1034+001, STARS: INDIVIDUAL: RE0503-289, STARS: INDIVIDUAL: PG1159-035, STARS: ABUNDANCES, STARS: EVOLUTION, WHITE DWARFS},
         year = 1996,
        month = may,
       volume = {309},
        pages = {861-866},
       adsurl = {https://ui.adsabs.harvard.edu/abs/1996A&A...309..861W},
      adsnote = {Provided by the SAO/NASA Astrophysics Data System}
}

@ARTICLE{bedard20,
       author = {{B{\'e}dard}, A. and {Bergeron}, P. and {Brassard}, P. and {Fontaine}, G.},
        title = "{On the Spectral Evolution of Hot White Dwarf Stars. I. A Detailed Model Atmosphere Analysis of Hot White Dwarfs from SDSS DR12}",
      journal = {\apj},
     keywords = {White dwarf stars, Late stellar evolution, Atmospheric composition, Stellar atmospheres, 1799, 911, 2120, 1584, Astrophysics - Solar and Stellar Astrophysics},
         year = 2020,
        month = oct,
       volume = {901},
       number = {2},
          eid = {93},
        pages = {93},
          doi = {10.3847/1538-4357/abafbe},
archivePrefix = {arXiv},
       eprint = {2008.07469},
 primaryClass = {astro-ph.SR},
       adsurl = {https://ui.adsabs.harvard.edu/abs/2020ApJ...901...93B},
      adsnote = {Provided by the SAO/NASA Astrophysics Data System}
}

@ARTICLE{kleinman13,
       author = {{Kleinman}, S.~J. and {Kepler}, S.~O. and {Koester}, D. and {Pelisoli}, Ingrid and {Pe{\c{c}}anha}, Viviane and {Nitta}, A. and {Costa}, J.~E.~S. and {Krzesinski}, J. and {Dufour}, P. and {Lachapelle}, F. -R. and {Bergeron}, P. and {Yip}, Ching-Wa and {Harris}, Hugh C. and {Eisenstein}, Daniel J. and {Althaus}, L. and {C{\'o}rsico}, A.},
        title = "{SDSS DR7 White Dwarf Catalog}",
      journal = {\apjs},
     keywords = {catalogs, magnetic fields, stars: luminosity function, mass function, surveys, white dwarfs, Astrophysics - Solar and Stellar Astrophysics, Astrophysics - Astrophysics of Galaxies},
         year = 2013,
        month = jan,
       volume = {204},
       number = {1},
          eid = {5},
        pages = {5},
          doi = {10.1088/0067-0049/204/1/5},
archivePrefix = {arXiv},
       eprint = {1212.1222},
 primaryClass = {astro-ph.SR},
       adsurl = {https://ui.adsabs.harvard.edu/abs/2013ApJS..204....5K},
      adsnote = {Provided by the SAO/NASA Astrophysics Data System}
}

@ARTICLE{kepler15,
       author = {{Kepler}, S.~O. and {Pelisoli}, I. and {Koester}, D. and {Ourique}, G. and {Kleinman}, S.~J. and {Romero}, A.~D. and {Nitta}, A. and {Eisenstein}, D.~J. and {Costa}, J.~E.~S. and {K{\"u}lebi}, B. and {Jordan}, S. and {Dufour}, P. and {Giommi}, Paolo and {Rebassa-Mansergas}, Alberto},
        title = "{New white dwarf stars in the Sloan Digital Sky Survey Data Release 10}",
      journal = {\mnras},
     keywords = {catalogues, stars: magnetic field, subdwarfs, white dwarfs, Astrophysics - Solar and Stellar Astrophysics},
         year = 2015,
        month = feb,
       volume = {446},
       number = {4},
        pages = {4078-4087},
          doi = {10.1093/mnras/stu2388},
archivePrefix = {arXiv},
       eprint = {1411.4149},
 primaryClass = {astro-ph.SR},
       adsurl = {https://ui.adsabs.harvard.edu/abs/2015MNRAS.446.4078K},
      adsnote = {Provided by the SAO/NASA Astrophysics Data System}
}

@ARTICLE{smak69,
       author = {{Smak}, J.},
        title = "{On the Rotational Velocities of Gaseous Rings in Close Binary Systems}",
      journal = {\actaa},
         year = 1969,
        month = jan,
       volume = {19},
        pages = {155},
       adsurl = {https://ui.adsabs.harvard.edu/abs/1969AcA....19..155S},
      adsnote = {Provided by the SAO/NASA Astrophysics Data System}
}

@ARTICLE{huang72,
       author = {{Huang}, Su-Shu},
        title = "{Profiles of Emission Lines in be Stars}",
      journal = {\apj},
         year = 1972,
        month = feb,
       volume = {171},
        pages = {549},
          doi = {10.1086/151309},
       adsurl = {https://ui.adsabs.harvard.edu/abs/1972ApJ...171..549H},
      adsnote = {Provided by the SAO/NASA Astrophysics Data System}
}

@ARTICLE{das23,
  author={Das, Swagatam and Mullick, Sankha Subhra and Zelinka, Ivan},
  journal={IEEE Transactions on Artificial Intelligence}, 
  title={On Supervised Class-Imbalanced Learning: An Updated Perspective and Some Key Challenges}, 
  year={2022},
  volume={3},
  number={6},
  pages={973-993},
  keywords={Training;Deep learning;Performance evaluation;Support vector machines;Object detection;Machine learning;Supervised learning;Class-imbalanced classification;deep learning;future challenges;machine learning;open problems;performance evaluation indices},
  doi={10.1109/TAI.2022.3160658}}

@inproceedings{nguyen15,
  title={Deep neural networks are easily fooled: High confidence predictions for unrecognizable images},
  author={Nguyen, Anh and Yosinski, Jason and Clune, Jeff},
  booktitle={Proceedings of the IEEE conference on computer vision and pattern recognition},
  pages={427--436},
  year={2015}
}


@InProceedings{guo17,
  title = 	 {On Calibration of Modern Neural Networks},
  author =       {Chuan Guo and Geoff Pleiss and Yu Sun and Kilian Q. Weinberger},
  booktitle = 	 {Proceedings of the 34th International Conference on Machine Learning},
  pages = 	 {1321--1330},
  year = 	 {2017},
  editor = 	 {Precup, Doina and Teh, Yee Whye},
  volume = 	 {70},
  series = 	 {Proceedings of Machine Learning Research},
  month = 	 {06--11 Aug},
  publisher =    {PMLR},
  pdf = 	 {http://proceedings.mlr.press/v70/guo17a/guo17a.pdf},
  url = 	 {https://proceedings.mlr.press/v70/guo17a.html},
}

@inproceedings{hein19,
  title={Why relu networks yield high-confidence predictions far away from the training data and how to mitigate the problem},
  author={Hein, Matthias and Andriushchenko, Maksym and Bitterwolf, Julian},
  booktitle={Proceedings of the IEEE/CVF conference on computer vision and pattern recognition},
  pages={41--50},
  year={2019}
}

@article{barneshut,
  title={A hierarchical O (N log N) force-calculation algorithm},
  author={Barnes, Josh and Hut, Piet},
  journal={nature},
  volume={324},
  number={6096},
  pages={446--449},
  year={1986},
  publisher={Nature Publishing Group UK London}
}

@article{vandermaaten14,
  title={Accelerating t-SNE using tree-based algorithms},
  author={van der Maaten, Laurens},
  journal={The journal of machine learning research},
  volume={15},
  number={1},
  pages={3221--3245},
  year={2014},
  publisher={JMLR. org}
}

@ARTICLE{simbad,
       author = {{Wenger}, M. and {Ochsenbein}, F. and {Egret}, D. and {Dubois}, P. and {Bonnarel}, F. and {Borde}, S. and {Genova}, F. and {Jasniewicz}, G. and {Lalo{\"e}}, S. and {Lesteven}, S. and {Monier}, R.},
        title = "{The SIMBAD astronomical database. The CDS reference database for astronomical objects}",
      journal = {\aaps},
     keywords = {ASTRONOMICAL DATA BASES: MISCELLANEOUS, CATALOGS, Astrophysics},
         year = 2000,
        month = apr,
       volume = {143},
        pages = {9-22},
          doi = {10.1051/aas:2000332},
archivePrefix = {arXiv},
       eprint = {astro-ph/0002110},
 primaryClass = {astro-ph},
       adsurl = {https://ui.adsabs.harvard.edu/abs/2000A&AS..143....9W},
      adsnote = {Provided by the SAO/NASA Astrophysics Data System}
}

@ARTICLE{vizier,
       author = {{Ochsenbein}, F. and {Bauer}, P. and {Marcout}, J.},
        title = "{The VizieR database of astronomical catalogues}",
      journal = {\aaps},
     keywords = {ASTRONOMICAL DATA BASES: MISCELLANEOUS, CATALOGS, Astrophysics},
         year = 2000,
        month = apr,
       volume = {143},
        pages = {23-32},
          doi = {10.1051/aas:2000169},
archivePrefix = {arXiv},
       eprint = {astro-ph/0002122},
 primaryClass = {astro-ph},
       adsurl = {https://ui.adsabs.harvard.edu/abs/2000A&AS..143...23O},
      adsnote = {Provided by the SAO/NASA Astrophysics Data System}
}


@Article{         numpy,
 title         = {Array programming with {NumPy}},
 author        = {Charles R. Harris and K. Jarrod Millman and St{\'{e}}fan J.
                 van der Walt and Ralf Gommers and Pauli Virtanen and David
                 Cournapeau and Eric Wieser and Julian Taylor and Sebastian
                 Berg and Nathaniel J. Smith and Robert Kern and Matti Picus
                 and Stephan Hoyer and Marten H. van Kerkwijk and Matthew
                 Brett and Allan Haldane and Jaime Fern{\'{a}}ndez del
                 R{\'{i}}o and Mark Wiebe and Pearu Peterson and Pierre
                 G{\'{e}}rard-Marchant and Kevin Sheppard and Tyler Reddy and
                 Warren Weckesser and Hameer Abbasi and Christoph Gohlke and
                 Travis E. Oliphant},
 year          = {2020},
 month         = sep,
 journal       = {Nature},
 volume        = {585},
 number        = {7825},
 pages         = {357--362},
 doi           = {10.1038/s41586-020-2649-2},
 publisher     = {Springer Science and Business Media {LLC}},
 url           = {https://doi.org/10.1038/s41586-020-2649-2}
}

@Article{matplotlib,
  Author    = {Hunter, J. D.},
  Title     = {Matplotlib: A 2D graphics environment},
  Journal   = {Computing in Science \& Engineering},
  Volume    = {9},
  Number    = {3},
  Pages     = {90--95},
  abstract  = {Matplotlib is a 2D graphics package used for Python for
  application development, interactive scripting, and publication-quality
  image generation across user interfaces and operating systems.},
  publisher = {IEEE COMPUTER SOC},
  doi       = {10.1109/MCSE.2007.55},
  year      = 2007
}

@MISC{pyvo,
       author = {{Graham}, Matthew and {Plante}, Ray and {Tody}, Doug and {Fitzpatrick}, Mike},
        title = "{PyVO: Python access to the Virtual Observatory}",
     keywords = {Software},
 howpublished = {Astrophysics Source Code Library, record ascl:1402.004},
         year = 2014,
        month = feb,
          eid = {ascl:1402.004},
        pages = {ascl:1402.004},
archivePrefix = {ascl},
       eprint = {1402.004},
       adsurl = {https://ui.adsabs.harvard.edu/abs/2014ascl.soft02004G},
      note = {Provided by the SAO/NASA Astrophysics Data System},
}


@misc{pandas1,
    author       = {The pandas development team},
    title        = {pandas-dev/pandas: Pandas},
    month        = feb,
    year         = 2020,
    publisher    = {Zenodo},
    version      = {latest},
    doi          = {10.5281/zenodo.3509134},
    url          = {https://doi.org/10.5281/zenodo.3509134},
    note = {Pandas!}
}


@InProceedings{pandas2,
  author    = { {W}es {M}c{K}inney },
  title     = { {D}ata {S}tructures for {S}tatistical {C}omputing in {P}ython },
  booktitle = { {P}roceedings of the 9th {P}ython in {S}cience {C}onference },
  pages     = { 56 - 61 },
  year      = { 2010 },
  editor    = { {S}t\'efan van der {W}alt and {J}arrod {M}illman },
  doi       = { 10.25080/Majora-92bf1922-00a }
}

@Manual{bokeh,
    title = {Bokeh: Python library for interactive visualization},
    author = {{Bokeh Development Team}},
    year = {2018},
    url = {https://bokeh.pydata.org/en/latest/},
}


@ARTICLE{scipy,
  author  = {Virtanen, Pauli and Gommers, Ralf and Oliphant, Travis E. and
            Haberland, Matt and Reddy, Tyler and Cournapeau, David and
            Burovski, Evgeni and Peterson, Pearu and Weckesser, Warren and
            Bright, Jonathan and {van der Walt}, St{\'e}fan J. and
            Brett, Matthew and Wilson, Joshua and Millman, K. Jarrod and
            Mayorov, Nikolay and Nelson, Andrew R. J. and Jones, Eric and
            Kern, Robert and Larson, Eric and Carey, C J and
            Polat, {\.I}lhan and Feng, Yu and Moore, Eric W. and
            {VanderPlas}, Jake and Laxalde, Denis and Perktold, Josef and
            Cimrman, Robert and Henriksen, Ian and Quintero, E. A. and
            Harris, Charles R. and Archibald, Anne M. and
            Ribeiro, Ant{\^o}nio H. and Pedregosa, Fabian and
            {van Mulbregt}, Paul and {SciPy 1.0 Contributors}},
  title   = {{{SciPy} 1.0: Fundamental Algorithms for Scientific
            Computing in Python}},
  journal = {Nature Methods},
  year    = {2020},
  volume  = {17},
  pages   = {261--272},
  adsurl  = {https://rdcu.be/b08Wh},
  doi     = {10.1038/s41592-019-0686-2},
}


@ARTICLE{astropy1,
       author = {{Astropy Collaboration} and {Robitaille}, Thomas P. and {Tollerud}, Erik J. and {Greenfield}, Perry and {Droettboom}, Michael and {Bray}, Erik and {Aldcroft}, Tom and {Davis}, Matt and {Ginsburg}, Adam and {Price-Whelan}, Adrian M. and {Kerzendorf}, Wolfgang E. and {Conley}, Alexander and {Crighton}, Neil and {Barbary}, Kyle and {Muna}, Demitri and {Ferguson}, Henry and {Grollier}, Fr{\'e}d{\'e}ric and {Parikh}, Madhura M. and {Nair}, Prasanth H. and {Unther}, Hans M. and {Deil}, Christoph and {Woillez}, Julien and {Conseil}, Simon and {Kramer}, Roban and {Turner}, James E.~H. and {Singer}, Leo and {Fox}, Ryan and {Weaver}, Benjamin A. and {Zabalza}, Victor and {Edwards}, Zachary I. and {Azalee Bostroem}, K. and {Burke}, D.~J. and {Casey}, Andrew R. and {Crawford}, Steven M. and {Dencheva}, Nadia and {Ely}, Justin and {Jenness}, Tim and {Labrie}, Kathleen and {Lim}, Pey Lian and {Pierfederici}, Francesco and {Pontzen}, Andrew and {Ptak}, Andy and {Refsdal}, Brian and {Servillat}, Mathieu and {Streicher}, Ole},
        title = "{Astropy: A community Python package for astronomy}",
      journal = {\aap},
     keywords = {methods: data analysis, methods: miscellaneous, virtual observatory tools, Astrophysics - Instrumentation and Methods for Astrophysics},
         year = 2013,
        month = oct,
       volume = {558},
          eid = {A33},
        pages = {A33},
          doi = {10.1051/0004-6361/201322068},
archivePrefix = {arXiv},
       eprint = {1307.6212},
 primaryClass = {astro-ph.IM},
       adsurl = {https://ui.adsabs.harvard.edu/abs/2013A&A...558A..33A},
      adsnote = {Provided by the SAO/NASA Astrophysics Data System}
}

@ARTICLE{astropy2,
       author = {{Astropy Collaboration} and {Price-Whelan}, A.~M. and {Sip{\H{o}}cz}, B.~M. and {G{\"u}nther}, H.~M. and {Lim}, P.~L. and {Crawford}, S.~M. and {Conseil}, S. and {Shupe}, D.~L. and {Craig}, M.~W. and {Dencheva}, N. and {Ginsburg}, A. and {VanderPlas}, J.~T. and {Bradley}, L.~D. and {P{\'e}rez-Su{\'a}rez}, D. and {de Val-Borro}, M. and {Aldcroft}, T.~L. and {Cruz}, K.~L. and {Robitaille}, T.~P. and {Tollerud}, E.~J. and {Ardelean}, C. and {Babej}, T. and {Bach}, Y.~P. and {Bachetti}, M. and {Bakanov}, A.~V. and {Bamford}, S.~P. and {Barentsen}, G. and {Barmby}, P. and {Baumbach}, A. and {Berry}, K.~L. and {Biscani}, F. and {Boquien}, M. and {Bostroem}, K.~A. and {Bouma}, L.~G. and {Brammer}, G.~B. and {Bray}, E.~M. and {Breytenbach}, H. and {Buddelmeijer}, H. and {Burke}, D.~J. and {Calderone}, G. and {Cano Rodr{\'\i}guez}, J.~L. and {Cara}, M. and {Cardoso}, J.~V.~M. and {Cheedella}, S. and {Copin}, Y. and {Corrales}, L. and {Crichton}, D. and {D'Avella}, D. and {Deil}, C. and {Depagne}, {\'E}. and {Dietrich}, J.~P. and {Donath}, A. and {Droettboom}, M. and {Earl}, N. and {Erben}, T. and {Fabbro}, S. and {Ferreira}, L.~A. and {Finethy}, T. and {Fox}, R.~T. and {Garrison}, L.~H. and {Gibbons}, S.~L.~J. and {Goldstein}, D.~A. and {Gommers}, R. and {Greco}, J.~P. and {Greenfield}, P. and {Groener}, A.~M. and {Grollier}, F. and {Hagen}, A. and {Hirst}, P. and {Homeier}, D. and {Horton}, A.~J. and {Hosseinzadeh}, G. and {Hu}, L. and {Hunkeler}, J.~S. and {Ivezi{\'c}}, {\v{Z}}. and {Jain}, A. and {Jenness}, T. and {Kanarek}, G. and {Kendrew}, S. and {Kern}, N.~S. and {Kerzendorf}, W.~E. and {Khvalko}, A. and {King}, J. and {Kirkby}, D. and {Kulkarni}, A.~M. and {Kumar}, A. and {Lee}, A. and {Lenz}, D. and {Littlefair}, S.~P. and {Ma}, Z. and {Macleod}, D.~M. and {Mastropietro}, M. and {McCully}, C. and {Montagnac}, S. and {Morris}, B.~M. and {Mueller}, M. and {Mumford}, S.~J. and {Muna}, D. and {Murphy}, N.~A. and {Nelson}, S. and {Nguyen}, G.~H. and {Ninan}, J.~P. and {N{\"o}the}, M. and {Ogaz}, S. and {Oh}, S. and {Parejko}, J.~K. and {Parley}, N. and {Pascual}, S. and {Patil}, R. and {Patil}, A.~A. and {Plunkett}, A.~L. and {Prochaska}, J.~X. and {Rastogi}, T. and {Reddy Janga}, V. and {Sabater}, J. and {Sakurikar}, P. and {Seifert}, M. and {Sherbert}, L.~E. and {Sherwood-Taylor}, H. and {Shih}, A.~Y. and {Sick}, J. and {Silbiger}, M.~T. and {Singanamalla}, S. and {Singer}, L.~P. and {Sladen}, P.~H. and {Sooley}, K.~A. and {Sornarajah}, S. and {Streicher}, O. and {Teuben}, P. and {Thomas}, S.~W. and {Tremblay}, G.~R. and {Turner}, J.~E.~H. and {Terr{\'o}n}, V. and {van Kerkwijk}, M.~H. and {de la Vega}, A. and {Watkins}, L.~L. and {Weaver}, B.~A. and {Whitmore}, J.~B. and {Woillez}, J. and {Zabalza}, V. and {Astropy Contributors}},
        title = "{The Astropy Project: Building an Open-science Project and Status of the v2.0 Core Package}",
      journal = {\aj},
     keywords = {methods: data analysis, methods: miscellaneous, methods: statistical, reference systems, Astrophysics - Instrumentation and Methods for Astrophysics},
         year = 2018,
        month = sep,
       volume = {156},
       number = {3},
          eid = {123},
        pages = {123},
          doi = {10.3847/1538-3881/aabc4f},
archivePrefix = {arXiv},
       eprint = {1801.02634},
 primaryClass = {astro-ph.IM},
       adsurl = {https://ui.adsabs.harvard.edu/abs/2018AJ....156..123A},
      adsnote = {Provided by the SAO/NASA Astrophysics Data System}
}

@ARTICLE{astropy3,
       author = {{Astropy Collaboration} and {Price-Whelan}, Adrian M. and {Lim}, Pey Lian and {Earl}, Nicholas and {Starkman}, Nathaniel and {Bradley}, Larry and {Shupe}, David L. and {Patil}, Aarya A. and {Corrales}, Lia and {Brasseur}, C.~E. and {N{\"o}the}, Maximilian and {Donath}, Axel and {Tollerud}, Erik and {Morris}, Brett M. and {Ginsburg}, Adam and {Vaher}, Eero and {Weaver}, Benjamin A. and {Tocknell}, James and {Jamieson}, William and {van Kerkwijk}, Marten H. and {Robitaille}, Thomas P. and {Merry}, Bruce and {Bachetti}, Matteo and {G{\"u}nther}, H. Moritz and {Aldcroft}, Thomas L. and {Alvarado-Montes}, Jaime A. and {Archibald}, Anne M. and {B{\'o}di}, Attila and {Bapat}, Shreyas and {Barentsen}, Geert and {Baz{\'a}n}, Juanjo and {Biswas}, Manish and {Boquien}, M{\'e}d{\'e}ric and {Burke}, D.~J. and {Cara}, Daria and {Cara}, Mihai and {Conroy}, Kyle E. and {Conseil}, Simon and {Craig}, Matthew W. and {Cross}, Robert M. and {Cruz}, Kelle L. and {D'Eugenio}, Francesco and {Dencheva}, Nadia and {Devillepoix}, Hadrien A.~R. and {Dietrich}, J{\"o}rg P. and {Eigenbrot}, Arthur Davis and {Erben}, Thomas and {Ferreira}, Leonardo and {Foreman-Mackey}, Daniel and {Fox}, Ryan and {Freij}, Nabil and {Garg}, Suyog and {Geda}, Robel and {Glattly}, Lauren and {Gondhalekar}, Yash and {Gordon}, Karl D. and {Grant}, David and {Greenfield}, Perry and {Groener}, Austen M. and {Guest}, Steve and {Gurovich}, Sebastian and {Handberg}, Rasmus and {Hart}, Akeem and {Hatfield-Dodds}, Zac and {Homeier}, Derek and {Hosseinzadeh}, Griffin and {Jenness}, Tim and {Jones}, Craig K. and {Joseph}, Prajwel and {Kalmbach}, J. Bryce and {Karamehmetoglu}, Emir and {Ka{\l}uszy{\'n}ski}, Miko{\l}aj and {Kelley}, Michael S.~P. and {Kern}, Nicholas and {Kerzendorf}, Wolfgang E. and {Koch}, Eric W. and {Kulumani}, Shankar and {Lee}, Antony and {Ly}, Chun and {Ma}, Zhiyuan and {MacBride}, Conor and {Maljaars}, Jakob M. and {Muna}, Demitri and {Murphy}, N.~A. and {Norman}, Henrik and {O'Steen}, Richard and {Oman}, Kyle A. and {Pacifici}, Camilla and {Pascual}, Sergio and {Pascual-Granado}, J. and {Patil}, Rohit R. and {Perren}, Gabriel I. and {Pickering}, Timothy E. and {Rastogi}, Tanuj and {Roulston}, Benjamin R. and {Ryan}, Daniel F. and {Rykoff}, Eli S. and {Sabater}, Jose and {Sakurikar}, Parikshit and {Salgado}, Jes{\'u}s and {Sanghi}, Aniket and {Saunders}, Nicholas and {Savchenko}, Volodymyr and {Schwardt}, Ludwig and {Seifert-Eckert}, Michael and {Shih}, Albert Y. and {Jain}, Anany Shrey and {Shukla}, Gyanendra and {Sick}, Jonathan and {Simpson}, Chris and {Singanamalla}, Sudheesh and {Singer}, Leo P. and {Singhal}, Jaladh and {Sinha}, Manodeep and {Sip{\H{o}}cz}, Brigitta M. and {Spitler}, Lee R. and {Stansby}, David and {Streicher}, Ole and {{\v{S}}umak}, Jani and {Swinbank}, John D. and {Taranu}, Dan S. and {Tewary}, Nikita and {Tremblay}, Grant R. and {de Val-Borro}, Miguel and {Van Kooten}, Samuel J. and {Vasovi{\'c}}, Zlatan and {Verma}, Shresth and {de Miranda Cardoso}, Jos{\'e} Vin{\'\i}cius and {Williams}, Peter K.~G. and {Wilson}, Tom J. and {Winkel}, Benjamin and {Wood-Vasey}, W.~M. and {Xue}, Rui and {Yoachim}, Peter and {Zhang}, Chen and {Zonca}, Andrea and {Astropy Project Contributors}},
        title = "{The Astropy Project: Sustaining and Growing a Community-oriented Open-source Project and the Latest Major Release (v5.0) of the Core Package}",
      journal = {\apj},
     keywords = {Astronomy software, Open source software, Astronomy data analysis, 1855, 1866, 1858, Astrophysics - Instrumentation and Methods for Astrophysics},
         year = 2022,
        month = aug,
       volume = {935},
       number = {2},
          eid = {167},
        pages = {167},
          doi = {10.3847/1538-4357/ac7c74},
archivePrefix = {arXiv},
       eprint = {2206.14220},
 primaryClass = {astro-ph.IM},
       adsurl = {https://ui.adsabs.harvard.edu/abs/2022ApJ...935..167A},
      adsnote = {Provided by the SAO/NASA Astrophysics Data System}
}

@ARTICLE{boroson92,
       author = {{Boroson}, Todd A. and {Green}, Richard F.},
        title = "{The Emission-Line Properties of Low-Redshift Quasi-stellar Objects}",
      journal = {\apjs},
     keywords = {Emission Spectra, Line Spectra, Quasars, Seyfert Galaxies, Astronomical Spectroscopy, Computational Astrophysics, Principal Components Analysis, Red Shift, Sky Surveys (Astronomy), Astrophysics, GALAXIES: SEYFERT, GALAXIES: QUASARS: GENERAL, SURVEYS},
         year = 1992,
        month = may,
       volume = {80},
        pages = {109},
          doi = {10.1086/191661},
       adsurl = {https://ui.adsabs.harvard.edu/abs/1992ApJS...80..109B},
      adsnote = {Provided by the SAO/NASA Astrophysics Data System}
}

@ARTICLE{richards09,
       author = {{Richards}, Joseph W. and {Freeman}, Peter E. and {Lee}, Ann B. and {Schafer}, Chad M.},
        title = "{Exploiting Low-Dimensional Structure in Astronomical Spectra}",
      journal = {\apj},
     keywords = {galaxies: distances and redshifts, galaxies: fundamental parameters, galaxies: statistics, methods: data analysis, methods: statistical, Astrophysics, Statistics - Applications},
         year = 2009,
        month = jan,
       volume = {691},
       number = {1},
        pages = {32-42},
          doi = {10.1088/0004-637X/691/1/32},
archivePrefix = {arXiv},
       eprint = {0807.2900},
 primaryClass = {astro-ph},
       adsurl = {https://ui.adsabs.harvard.edu/abs/2009ApJ...691...32R},
      adsnote = {Provided by the SAO/NASA Astrophysics Data System}
}

@article{coifman06,
  title={Diffusion maps},
  author={Coifman, Ronald R and Lafon, St{\'e}phane},
  journal={Applied and computational harmonic analysis},
  volume={21},
  number={1},
  pages={5--30},
  year={2006},
  publisher={Elsevier}
}

@ARTICLE{lafon06,
  author={Lafon, S. and Lee, A.B.},
  journal={IEEE Transactions on Pattern Analysis and Machine Intelligence}, 
  title={Diffusion maps and coarse-graining: a unified framework for dimensionality reduction, graph partitioning, and data set parameterization}, 
  year={2006},
  volume={28},
  number={9},
  pages={1393-1403},
  keywords={Geometry;Quantization;Distortion measurement;Clustering algorithms;Eigenvalues and eigenfunctions;Noise robustness;Noise shaping;Nonlinear distortion;Extraterrestrial measurements;Text analysis;Machine learning;text analysis;knowledge retrieval;quantization;graph-theoretic methods;compression (coding);clustering;clustering similarity measures;information visualization;Markov processes;graph algorithms.},
  doi={10.1109/TPAMI.2006.184}
}

@ARTICLE{eisenstein06,
       author = {{Eisenstein}, Daniel J. and {Liebert}, James and {Harris}, Hugh C. and {Kleinman}, S.~J. and {Nitta}, Atsuko and {Silvestri}, Nicole and {Anderson}, Scott A. and {Barentine}, J.~C. and {Brewington}, Howard J. and {Brinkmann}, J. and {Harvanek}, Michael and {Krzesi{\'n}ski}, Jurek and {Neilsen}, Eric H., Jr. and {Long}, Dan and {Schneider}, Donald P. and {Snedden}, Stephanie A.},
        title = "{A Catalog of Spectroscopically Confirmed White Dwarfs from the Sloan Digital Sky Survey Data Release 4}",
      journal = {\apjs},
     keywords = {Catalogs, Stars: Subdwarfs, Stars: White Dwarfs, Astrophysics},
         year = 2006,
        month = nov,
       volume = {167},
       number = {1},
        pages = {40-58},
          doi = {10.1086/507110},
archivePrefix = {arXiv},
       eprint = {astro-ph/0606700},
 primaryClass = {astro-ph},
       adsurl = {https://ui.adsabs.harvard.edu/abs/2006ApJS..167...40E},
      adsnote = {Provided by the SAO/NASA Astrophysics Data System}
}

@ARTICLE{liebert05,
       author = {{Liebert}, James and {Bergeron}, P. and {Holberg}, J.~B.},
        title = "{The Formation Rate and Mass and Luminosity Functions of DA White Dwarfs from the Palomar Green Survey}",
      journal = {\apjs},
     keywords = {Stars: Fundamental Parameters, Stars: Luminosity Function, Mass Function, Stars: White Dwarfs, Astrophysics},
         year = 2005,
        month = jan,
       volume = {156},
       number = {1},
        pages = {47-68},
          doi = {10.1086/425738},
archivePrefix = {arXiv},
       eprint = {astro-ph/0406657},
 primaryClass = {astro-ph},
       adsurl = {https://ui.adsabs.harvard.edu/abs/2005ApJS..156...47L},
      adsnote = {Provided by the SAO/NASA Astrophysics Data System}
}

@ARTICLE{tremblay09,
       author = {{Tremblay}, P. -E. and {Bergeron}, P.},
        title = "{Spectroscopic Analysis of DA White Dwarfs: Stark Broadening of Hydrogen Lines Including Nonideal Effects}",
      journal = {\apj},
     keywords = {line: profiles, stars: atmospheres, white dwarfs, Astrophysics - Solar and Stellar Astrophysics},
         year = 2009,
        month = may,
       volume = {696},
       number = {2},
        pages = {1755-1770},
          doi = {10.1088/0004-637X/696/2/1755},
archivePrefix = {arXiv},
       eprint = {0902.4182},
 primaryClass = {astro-ph.SR},
       adsurl = {https://ui.adsabs.harvard.edu/abs/2009ApJ...696.1755T},
      adsnote = {Provided by the SAO/NASA Astrophysics Data System}
}

@ARTICLE{manser20,
       author = {{Manser}, Christopher J. and {G{\"a}nsicke}, Boris T. and {Gentile Fusillo}, Nicola Pietro and {Ashley}, Richard and {Breedt}, Elm{\'e} and {Hollands}, Mark and {Izquierdo}, Paula and {Pelisoli}, Ingrid},
        title = "{The frequency of gaseous debris discs around white dwarfs}",
      journal = {\mnras},
     keywords = {accretion, accretion discs, line: profiles, circumstellar matter, white dwarfs, Astrophysics - Earth and Planetary Astrophysics, Astrophysics - Solar and Stellar Astrophysics},
         year = 2020,
        month = apr,
       volume = {493},
       number = {2},
        pages = {2127-2139},
          doi = {10.1093/mnras/staa359},
archivePrefix = {arXiv},
       eprint = {2002.01936},
 primaryClass = {astro-ph.EP},
       adsurl = {https://ui.adsabs.harvard.edu/abs/2020MNRAS.493.2127M},
      adsnote = {Provided by the SAO/NASA Astrophysics Data System}
}

@ARTICLE{hollands15,
       author = {{Hollands}, M.~A. and {G{\"a}nsicke}, B.~T. and {Koester}, D.},
        title = "{The incidence of magnetic fields in cool DZ white dwarfs}",
      journal = {\mnras},
     keywords = {stars: evolution, stars: magnetic field, planetary systems, white dwarfs, Astrophysics - Solar and Stellar Astrophysics},
         year = 2015,
        month = jun,
       volume = {450},
       number = {1},
        pages = {681-690},
          doi = {10.1093/mnras/stv570},
archivePrefix = {arXiv},
       eprint = {1503.03866},
 primaryClass = {astro-ph.SR},
       adsurl = {https://ui.adsabs.harvard.edu/abs/2015MNRAS.450..681H},
      adsnote = {Provided by the SAO/NASA Astrophysics Data System}
}

